2866 5016
576 329 788 384 PRAEFATIO.
1196 329 1271 384 LVII

46 491 107 557 all
169 502 216 576 6,
235 502 274 559 72
299 504 352 559 ccc
375 495 437 559 leni
457 503 522 573 post
544 519 598 576 pro
621 495 709 558 nicei
731 495 817 572 Idpde,
841 519 867 558 a.
886 519 915 574 p.
941 500 1003 558 233
1023 502 1192 572 propteruc's
1214 519 1268 575 pro

44 580 242 662 petieras,
263 592 365 649 tamen
388 608 448 648 nou
466 589 554 648 modo
574 608 633 648 non
651 606 774 664 prorsus
793 591 981 647 contemnere
1000 587 1079 666 Iicet,
1099 588 1268 666 sedetiam,

50 672 135 734 amb
196 696 287 755 supra
310 678 596 756 demonstrauimus,
621 678 652 736 in
674 696 737 736 una
758 679 845 753 parte
868 676 977 736 Horati
1000 678 1155 755 permagni
1178 678 1269 754 pretii

52 763 101 823 est:
148 763 242 827 inde
264 787 284 827 a
307 787 392 827 serm.
412 767 444 826 Π
462 770 491 846 3,
514 767 594 826 unde
618 785 712 844 paene
732 785 834 827 omnes
852 765 922 825 libri
944 769 1062 826 ueteres
1081 766 1204 826 deficere
1222 767 1266 826 in-

55 848 215 927 cipiunt.

530 980 822 1060 Furstenbergeusis.

170 1106 205 1165 u
229 1107 430 1184 posteriorum
453 1109 624 1183 temporum
647 1105 798 1197 codicibus
821 1105 859 1165 ad
882 1105 959 1166 hanc
986 1106 1111 1183 stirpem
1137 1108 1269 1184 pertinet

65 1206 389 1292 Isrstenbergensia
419 1213 540 1274 membr.
570 1232 645 1273 saec.
663 1213 747 1281 XIII,
767 1215 810 1273 40
837 1212 984 1272 linearum
1011 1213 1042 1272 in
1066 1213 1193 1292 singulis
1216 1233 1269 1292 pa·

70 1292 182 1372 gisia.
228 1303 340 1363 Totum
362 1302 525 1363 Horatium
549 1302 695 1362 continet:
719 1301 859 1379 carmina,
883 1302 1002 1380 epodos,
1025 1322 1144 1363 carmen
1168 1321 1269 1362 saecu-

69 1383 122 1441 lssffi
137 1433 155 1464 ,
192 1395 287 1453 artem
310 1391 474 1470 poeticam,
498 1391 658 1468 epistulas,
682 1409 839 1451 sermones.
884 1391 926 1450 Et
949 1391 1033 1469 tituli
1056 1396 1087 1451 et
1110 1393 1269 1469 pleraeque

73 1471 237 1541 lectiones
267 1500 337 1542 cum
368 1477 423 1539 FI'
450 1481 625 1558 concinunt3
656 1481 747 1540 etiarn
778 1479 829 1538 isti
862 1498 968 1540 uersus
995 1481 1169 1556 interpolati
1199 1485 1269 1541 ente

77 1576 182 1629 wrm.
200 1570 216 1629 1
235 1572 278 1630 10
300 1570 331 1629 in
355 1574 441 1630 textu
471 1570 628 1648 leguntur,
657 1570 742 1645 epist.
762 1570 777 1627 Ι
798 1571 838 1628 18
857 1589 887 1628 u.
909 1572 947 1628 91
980 1588 1100 1645 quoque
1127 1570 1159 1628 in
1183 1574 1268 1629 textu

77 1663 233 1738 separes
251 1659 321 1719 uide
336 1659 399 1719 Iob.
413 1659 507 1738 Kelle,
526 1659 615 1720 klass.
631 1658 864 1718 Handschriften
882 1658 913 1717 in
933 1658 1046 1736 Preger
1059 1658 1269 1719 Bibliotheken

658 1867 707 1931 δΙΙΙ

183 1981 289 2040 Altera
306 1979 390 2040 tertii
408 1980 520 2039 ordinis
539 1980 631 2057 stirps
653 1983 773 2040 constat
791 2001 826 2040 ex
846 1979 997 2041 codicibus
1020 1975 1095 2039 dms.
1135 1980 1269 2050 Quorum

74 2063 299 2146 antiquissimi
322 2068 382 2129 dds
405 2069 568 2128 admodum
590 2069 688 2129 manci
711 2072 790 2146 sunt,
813 2069 941 2129 maxime
964 2068 1010 2128 ed.

182 2160 229 2218 Ex
251 2158 336 2217 libris
360 2151 562 2239 ddzT(uric.)
590 2178 643 2235 per
665 2158 756 2219 breue
784 2159 916 2236 spatium
939 2157 1060 2218 restitui
1087 2161 1188 2234 potest
1211 2154 1270 2233 d''‘,

66 2243 175 2306 oertn
196 2265 277 2307 unus
300 2267 335 2307 ex
358 2247 576 2325 antiquissimis
599 2248 733 2307 omnium
752 2248 887 2308 codicum
910 2247 1159 2325 Horatianorum,
1183 2253 1269 2324 quot-

65 2356 171 2414 quot
188 2355 226 2414 ad
244 2355 322 2414 hanc
341 2357 472 2415 aetatem
490 2355 695 2415 innotuerunt.
733 2351 763 2413 δ’
781 2355 881 2431 ipsum
900 2381 942 2403 =
954 2354 971 2413 d
982 2351 1053 2432 -Ι-(1
1073 2357 1191 2415 saeculo
1210 2356 1270 2414 VII

62 2455 181 2521 ⁰1'tns
201 2479 264 2522 esse
279 2462 409 2538 uidetur,
424 2456 472 2521 d'''
482 2456 515 2540 (d
526 2458 566 2539 -I-
578 2462 597 2521 d
608 2458 648 2539 -Ι-
660 2483 675 2520 z
686 2457 726 2538 -I-
739 2455 852 2542 Turia.)
867 2464 969 2521 autem
985 2463 1103 2523 saeculo
1118 2443 1205 2522 Xuel
1217 2443 1271 2521 III.

60 2531 182 2610 Quod
205 2551 327 2628 quidem
346 2551 498 2628 exemplar
515 2551 546 2610 in
566 2551 662 2612 sancti
681 2550 892 2627 Symphoriani
910 2552 1091 2610 monasterio
1111 2553 1192 2628 apud
1210 2553 1271 2611 lle-

55 2620 287 2784 ἓὶοᾶηεὴὶοοε
309 2639 467 2699 minimum
494 2643 541 2700 ter
563 2640 744 2716 descriptum
773 2644 831 2717 est,
858 2640 938 2699 unde
966 2640 1030 2699 nati
1059 2644 1130 2699 suut
1156 2641 1271 2700 codices

85 2761 99 2792 a
154 2744 203 2806 ,2.

675 2852 693 2913 δ

185 2960 260 3020 d=
273 2963 365 3022 codex
383 2961 563 3022 Harleianus
587 2963 671 3021 2725
691 2961 821 3021 Londini
843 2961 874 3019 in
897 2980 999 3022 museo
1018 2961 1193 3022 Britannico
1217 2962 1268 3021 ad·

56 3050 248 3126 seruam
267 3051 339 3111 olim
353 3050 414 3111 fuit
428 3051 548 3111 Ioannis
563 3050 684 3129 Georgii
699 3050 829 3120 Graeuii,
844 3051 1018 3126 professoris
1032 3051 1270 3130 UltraiectensiS,

60 3122 236 3216 discipuli
257 3139 299 3200 lo.
319 3139 463 3200 Friderici
486 3139 639 3201 Gronouii

189 3228 341 3290 Bentleius
355 3229 435 3289 bunc
449 3229 580 3289 codicem
595 3228 799 3289 Graecianum
813 3230 948 3305 appellat
962 3229 1048 3306 eique
1069 3248 1160 3305 quam
1179 3229 1272 3306 pluri·
1296 3234 1318 3380 N

72 3321 186 3374 mum
205 3318 384 3396 confidebat,
406 3319 513 3395 utpote
537 3318 747 3396 antiquissimo
771 3317 1008 3377 Horatianorum
1032 3319 1084 3395 qui
1108 3319 1165 3394 ipsi
1190 3319 1273 3378 inno·

79 3395 222 3466 tuerent
235 3407 379 3469 codicum.
400 3406 494 3484 Saepe
506 3407 570 3467 eius
585 3407 727 3467 lectiones
737 3405 851 3485 laudat,
866 3407 917 3466 sed
928 3427 1154 3484 nonnumquam
1167 3408 1272 3484 falsas3

85 3501 129 3547 θα
166 3513 198 3553 ns
217 3496 428 3557 Broulrbusius
452 3496 585 3575 quidem,
614 3497 700 3556 cuius
724 3496 892 3555 conlatione
916 3496 954 3555 ad
977 3497 1110 3556 carmina
1134 3515 1160 3555 a.
1186 3500 1271 3556 1864

90 3574 213 3645 edenda
229 3586 277 3645 usi
296 3604 409 3664 sumus,
432 3605 499 3645 eam
517 3585 705 3664 diligentiam
725 3584 915 3663 adhibuerat,
938 3604 1015 3662 quae
1034 3605 1114 3644 nunc
1137 3606 1196 3645 uon
1219 3585 1273 3643 im-

93 3669 207 3733 merito
228 3675 409 3753 requiritur,
437 3674 488 3734 sed
512 3694 581 3736 cum
603 3675 665 3736 alia
688 3674 837 3752 peccauit,
865 3679 932 3734 tum
954 3674 1022 3735 inde
1047 3694 1065 3734 a
1088 3694 1113 3734 c.
1131 3674 1162 3732 Π
1184 3677 1233 3752 13,
1254 3677 1272 3733 5

97 3784 197 3848 unque
224 3783 273 3860 16,
300 3784 341 3841 19
370 3783 613 3858 supplementum
635 3781 754 3841 saeculo
784 3781 858 3840 XIII
885 3781 1031 3858 scriptum
1060 3801 1115 3856 pro
1143 3780 1275 3859 genuina

100 3858 211 3930 codicis
232 3874 319 3948 parte
341 3870 458 3930 babuit.

100 4026 104 4039 ,
191 3956 341 4038 Imagines
365 3959 474 4020 codicis
493 3959 622 4036 reperies
640 3959 671 4018 iu
693 3953 863 4038 ‘catalogue
883 3961 917 4019 of
937 3960 1057 4019 ancient
1075 3958 1276 4035 manuscripts

97 4047 125 4088 ¹1¹
161 4040 212 4109 the
241 4048 357 4108 Britisb
386 4043 545 4126 Museum',
575 4053 646 4124 part
674 4053 706 4126 2,
736 4049 835 4108 Latin.
885 4048 1008 4109 London
1035 4049 1119 4106 1884
1148 4047 1208 4107 tab.
1234 4051 1275 4107 60

96 4156 137 4183 ²
158 4162 184 4210 θ.
208 4154 291 4234 114,
313 4158 443 4224 15-5,
472 4157 512 4216 16
543 4158 574 4215 et
613 4156 694 4231 apud
729 4154 885 4215 Chatelain
915 4156 930 4213 I
962 4155 1022 4213 tab.
1050 4153 1205 4213 LXXXIII
1229 4181 1271 4204 =

93 4219 148 4328 101,
165 4241 227 4305 ao*
241 4270 284 4294 ==
303 4245 388 4322 opor.
414 4248 464 4321 17,
486 4248 524 4304 74
545 4277 589 4286 -
607 4263 696 4305 carm.
720 4263 795 4304 saec.
817 4247 865 4303 17.
913 4245 968 4302 ast
992 4245 1066 4320 qai
1081 4253 1124 4305 ><
1139 4247 1214 4320 opo
1232 4267 1271 4305 m.

94 4306 243 4393 f⁰¹¹01um
264 4338 316 4412 97,
334 4352 478 4394 uemuum
499 4337 549 4394 27.
595 4334 731 4410 Scriptus
750 4334 829 4393 circa
848 4353 960 4393 annum
979 4335 1044 4393 850
1062 4334 1276 4394 uetustissimis

94 4391 278 4484 H⁰¹¹ttia11is
292 4423 378 4484 libris
393 4427 439 4484 est
453 4424 703 4483 adnumerandus.
736 4423 914 4483 Continetur
927 4422 1073 4480 Horatius
1087 4441 1155 4481 cum
1169 4424 1277 4501 glossis

92 4478 154 4554 3²²
181 4512 262 4592 uita,
286 4513 434 4591 carmina,
464 4531 512 4572 ers
536 4513 667 4592 poetica,
692 4512 817 4592 epodos,
846 4530 964 4571 carmen
988 4512 1153 4591 saeculare,
1182 4513 1276 4592 epist,
