2866 5016
582 328 796 388 PRAEFATIO.
1212 330 1276 389 xlx

679 539 704 597 B

190 642 332 705 Summae
360 643 553 721 antiquitatis
581 647 612 705 et
639 643 830 704 auctoritatis
848 647 894 704 est
916 644 1007 704 codex
1029 644 1278 707 B=Bernensis

93 736 175 812 363,
199 735 272 794 011111
294 733 533 812 Bongarsiauus,
552 734 808 812 membranaceus,
832 738 861 812 0,
874 736 936 794 236
952 745 995 797 ><
1009 737 1039 812 0,
1051 737 1113 795 186
1132 756 1180 814 m,
1199 735 1278 795 inter

94 841 195 883 annos
220 824 284 883 850
307 825 338 882 et
361 825 426 882 870
449 822 559 882 litteris
583 822 722 882 Scotticis
745 826 894 882 exaratus.
939 823 1078 884 Aliorum
1101 825 1277 885 6116110001-

94 911 266 972 latioribus
292 912 381 971 nimis
409 910 512 972 confisi
539 912 597 988 ipsi
624 912 704 971 hunc
731 911 863 972 codicem
891 913 1023 972 conferre
1046 914 1276 993 supersedimus,

97 1001 161 1060 uisi
188 1001 277 1079 quod,
305 1020 374 1060 cnm
400 1020 455 1076 per
480 1000 654 1061 Heluetiam
681 1001 739 1061 iter
760 1002 902 1080 facerem,
932 1021 1044 1079 paucos
1066 1003 1148 1062 locos
1171 1003 1278 1063 dubios

96 1090 217 1150 Bernae
231 1090 294 1166 ipse
308 1090 432 1167 inspexi,
451 1109 512 1166 quo
525 1090 642 1150 factum
657 1092 710 1168 est,
728 1093 774 1169 ut,
793 1090 873 1167 quod
887 1110 966 1150 nnnc
981 1091 1103 1167 quidem
1121 1112 1157 1152 ex
1171 1093 1277 1169 photo-

96 1179 205 1256 typica
233 1179 364 1258 imagine
394 1181 532 1258 apparet,
560 1178 764 1255 compluribus
791 1179 864 1239 locis
891 1180 1034 1240 lectiones
1062 1199 1170 1258 parurn
1198 1185 1277 1242 recte

95 1268 301 1327 redderentur.
346 1267 455 1344 Itaque
486 1287 672 1345 quamquam
701 1269 917 1345 propemodum
940 1269 1053 1348 omnia,
1078 1289 1155 1347 quae
1178 1270 1277 1330 indili-

96 1357 222 1434 gentius
244 1358 340 1416 relata
362 1360 460 1435 eraut,
488 1358 562 1418 adeo
585 1358 667 1417 leuia
690 1362 773 1435 suut,
801 1361 838 1417 ut
861 1358 899 1417 ad
921 1361 1095 1419 contextum
1117 1360 1278 1420 restituen-

96 1446 174 1504 dum
203 1466 240 1506 ne
270 1445 386 1505 minimi
409 1446 531 1522 quidem
556 1446 701 1506 momenti
724 1447 799 1525 sint,
828 1451 945 1526 tamen,
976 1449 1082 1524 nequis
1111 1449 1278 1527 legentium

95 1534 232 1612 dubitet,
261 1534 334 1611 quid
357 1554 477 1611 quoque
499 1535 565 1596 loco
588 1535 620 1594 in
643 1536 743 1596 codice
767 1536 792 1594 B
815 1555 921 1595 reuera
943 1537 1090 1596 traditum
1114 1538 1162 1616 sit
1186 1557 1277 1615 quae-

96 1643 229 1700 cumque
247 1624 338 1683 huius
356 1624 473 1702 generis
491 1625 686 1703 repperimus,
709 1644 745 1685 ea
763 1625 795 1683 in
813 1625 904 1684 huius
923 1626 1064 1686 editionis
1082 1646 1110 1702 p.
1131 1630 1196 1687 440
1215 1646 1280 1704 sqq.

96 1713 357 1790 scrupulosissime
381 1714 574 1773 contulimus.

191 1818 289 1879 Codex
311 1819 337 1878 B
360 1819 433 1880 olim
455 1819 556 1880 Iacobi
575 1820 735 1899 Bongarsii
758 1821 867 1901 11101116,
889 1819 950 1879 uiri
971 1841 1027 1898 per
1049 1822 1161 1884 multos
1184 1842 1280 1883 annos

97 1910 132 1968 in
156 1908 247 1968 rebus
270 1927 345 1985 quas
368 1908 473 1968 dieunt
495 1909 697 1985 diplomaticis
716 1910 852 1984 adhibiti,
876 1911 941 1970 nati
959 1911 1117 1971 Aureliani
1135 1931 1162 1974 a.
1184 1916 1279 1989 1554,

94 1994 121 2075 †
145 1997 270 2057 Parisiis
296 1999 390 2057 1612.
435 1998 572 2058 Floriaco
600 1999 639 2058 ad
661 1998 793 2077 Ligerim
821 1999 880 2059 sito
908 2003 1010 2059 ortum
1032 2018 1095 2060 csse
1118 2000 1230 2062 librum
1252 2001 1279 2060 B

95 2105 154 2147 nos
182 2106 303 2164 quoque
330 2086 362 2145 in
389 2086 488 2163 priore
516 2087 646 2148 editione
674 2087 817 2167 diximus,
845 2088 897 2148 sed
925 2092 1062 2150 auctores
1090 2091 1186 2150 nostri
1208 2090 1279 2152 falsi

97 2179 198 2236 erant.

188 2265 297 2325 haunt
318 2266 436 2344 glossae
459 2265 647 2344 Hibemicae,
670 2265 707 2325 de
731 2266 841 2342 quibus
862 2266 933 2328 uide
956 2267 1092 2346 Whitley
1115 2268 1222 2329 6101100
1245 2269 1278 2328 in

94 2354 186 2433 libro,
209 2355 259 2414 cui
281 2355 392 2415 titulus
413 2355 632 2431 praemittitur:
657 2354 812 2435 Goidilica,
837 2360 923 2418 notes
946 2377 985 2417 on
1008 2358 1058 2417 the
1083 2357 1185 2418 (laelio
1207 2377 1277 2420 mss.

95 2444 130 2503 in
149 2444 253 2523 Tutin,
275 2443 397 2522 Milano,
420 2445 525 2523 Beme,
548 2444 678 2522 heyden,
701 2443 859 2506 Calcuttae
883 2465 909 2506 a.
936 2448 1021 2506 1666
1043 2448 1170 2526 uolgato
1190 2451 1221 2507 et
1240 2449 1277 2509 H

94 2533 220 2611 Hagen,
243 2533 370 2610 praefat.
393 2533 456 2593 cod.
479 2533 568 2593 Bem.
593 2535 657 2592 363
681 2553 709 2610 p.
733 2534 802 2593 XLI
824 2553 867 2613 sq.
892 2539 923 2595 et
945 2529 1060 2596 ‘antihe
1083 2537 1146 2595 und
1165 2537 1277 2597 mittel-

95 2623 254 2682 alterliche
278 2615 515 2699 Rathmlpoesie'
538 2642 567 2700 p.
588 2625 629 2682 47
651 2641 693 2698 sq.

188 2730 250 2789 Fol.
277 2731 360 2789 1862
380 2728 467 2788 iuxta
490 2728 669 2806 s.12,124
694 2729 769 2802 (Nec
790 2733 886 2805 erupis
909 2732 978 2790 olba
1000 2732 1082 2808 110116,
1111 2750 1200 2807 quom
1227 2734 1280 2792 dat

94 2824 217 2888 natura,
240 2817 351 2892 aldai)
375 2817 558 2895 adscriptum
576 2821 635 2878 est:
659 2813 773 2893 ‘repleo
791 2815 985 2895 angelberpo',
1009 2840 1101 2897 quam
1121 2823 1279 2899 aequalem

96 2908 194 2968 fuisse
223 2907 381 2968 scribentis
410 2909 442 2967 et
471 2925 591 2967 cerussa
618 2908 714 2967 malas
742 2908 890 2970 obleuisse
918 2910 1126 2986 comperimus.
1166 2912 1278 2990 Angel-

96 3015 191 3093 berga
220 3014 281 3074 fuit
308 3033 385 3074 uxor
413 3013 577 3074 Hludouici
599 2995 637 3073 H
656 3014 923 3092 Langobardorum
951 3017 1043 3095 regis,
1074 3018 1127 3094 qui
1154 3036 1182 3077 a.
1212 3020 1276 3078 855

96 3103 263 3180 imperator
281 3103 379 3163 factus
398 3106 451 3164 est.
484 3103 597 3180 Nupsit
615 3104 642 3163 01
661 3123 687 3164 a.
708 3106 782 3182 356,
800 3106 868 3164 uita
887 3106 1031 3166 defuncta
1050 3109 1096 3167 est
1114 3126 1138 3167 0.
1158 3127 1183 3167 a.
1205 3110 1278 3169 690.

190 3209 255 3269 Fol.
278 3211 359 3269 1942
382 3209 537 3269 inuenitur
559 3229 678 3270 carmen
702 3211 740 3269 ad
763 3210 914 3271 'Padonem
939 3212 1195 3289 archiepiscopum
1217 3214 1278 3274 Me·

99 3298 305 3358 diolanensem
325 3298 478 3374 pertinens
497 3291 538 3380 (a.
559 3290 759 3380 861-869).
797 3299 896 3360 Codex
914 3303 939 3360 B
958 3301 1093 3361 creditur
1110 3302 1142 3361 in
1160 3303 1278 3380 Lango-

98 3387 206 3447 bardia
239 3387 368 3464 scriptus
396 3406 458 3448 esse
489 3391 520 3447 et
548 3389 728 3465 archetypus
755 3382 799 3459 B‘,
823 3409 858 3449 ex
882 3410 942 3467 quo
966 3392 991 3450 B
1015 3389 1091 3484 e-tc
1118 3392 1278 3471 fluxerunt,

98 3494 189 3553 Bobii
211 3494 312 3554 fuisse.
351 3494 409 3554 Sed
426 3495 459 3552 in
480 3497 582 3556 uetere
602 3495 743 3555 Bobieusi
766 3497 904 3573 catalogo
924 3515 999 3558 saec.
1023 3499 1049 3556 X
1073 3499 1154 3575 apud
1177 3499 1277 3559 Mura-

97 3583 226 3662 tcrium,
256 3583 397 3660 antiquit.
426 3583 493 3643 Ital.
520 3584 566 3643 III
593 3605 622 3661 p.
644 3588 818 3646 817—824
848 3585 993 3646 Horatius
1023 3606 1083 3647 non
1113 3588 1275 3649 inuenitur.

96 3673 182 3751 Ergo
200 3673 226 3731 si
243 3673 329 3733 illam
347 3672 549 3733 coniecturam
566 3693 627 3733 non
645 3674 848 3750 repudiamus,
866 3668 901 3734 B'
915 3680 970 3735 aut
988 3676 1050 3735 iam
1064 3681 1131 3737 tum
1144 3677 1277 3752 perierat

97 3765 163 3840 aut,
182 3761 333 3838 quianon
350 3762 527 3822 uniuersum
544 3762 714 3840 Horatium,
734 3764 785 3823 sed
803 3768 904 3841 partes
922 3767 1094 3841 complexus
1112 3785 1175 3826 esse
1193 3766 1276 3826 uide-

97 3855 159 3928 tur,
189 3850 381 3911 nonHorati
411 3851 531 3912 nomine
561 3852 586 3910 is
614 3851 690 3911 liber
720 3852 751 3912 in
779 3853 926 3932 catalogis
949 3855 1167 3931 appellabatur.
1213 3856 1275 3915 Nec

96 3939 195 4018 magis
217 3940 249 3999 in
272 3940 411 4018 catalogo
433 3940 575 4002 Bobieusi
598 3960 624 4001 a.
650 3945 732 4002 1461
759 3943 870 4020 scripto
895 3939 989 4022 (apud
1012 3944 1047 4002 A.
1071 3944 1202 4021 Peyron,
1227 3944 1274 4004 Ci-

44 4054 46 4058 ’
96 4029 213 4090 coronis
236 4033 267 4089 et
289 4029 420 4090 aliorum
441 4030 548 4109 fragm
571 4030 674 4090 incdit.
697 4052 725 4108 p.
753 4025 874 4114 1-68)
897 4033 1006 4093 Ηο1061
1029 4033 1141 4093 11100610
1165 4033 1208 4093 fit.

186 4136 354 4197 Vniuersue
383 4137 474 4198 codex
503 4142 534 4198 et
563 4138 675 4216 optime
705 4139 842 4216 depictus
872 4143 904 4200 et
931 4140 1080 4200 uberrime
1108 4140 1275 4218 descriptus

96 4231 144 4286 est
162 4226 194 4286 in
212 4226 298 4306 libro,
321 4227 371 4286 cui
390 4226 575 4287 inscribitur:
598 4222 726 4288 ‘codices
745 4228 852 4289 Graeci
871 4232 902 4290 et
919 4230 1022 4289 Latini
1039 4230 1275 4309 photographice

95 4316 210 4393 depicti
237 4316 311 4376 duce
335 4315 463 4376 Scatone
491 4317 527 4376 de
551 4317 638 4378 Vries
664 4317 863 4379 bibliothecae
891 4319 1099 4380 uniuersitatis
1121 4319 1275 4381 Leidensis

95 4424 259 4499 praefecto,
281 4425 353 4483 tom.
374 4422 412 4482 H.
459 4422 557 4485 Codex
579 4424 738 4484 Bemensis
763 4427 840 4502 363,
867 4426 1033 4504 Augustini
1059 4426 1096 4486 de
1119 4427 1277 4488 dialectica

95 4516 128 4572 et
152 4512 300 4573 rhetorica
323 4512 424 4589 libros,
447 4512 546 4573 Bedae
569 4513 713 4575 historiae
733 4515 951 4576 ecclesiasticae
976 4516 1088 4577 librum
1104 4516 1133 4593 I,
1156 4517 1275 4577 Horatii

1021 4616 1059 4670 ,.
