2866 5016
431 335 622 392 Excutere
641 334 862 401 clthvan.
1166 333 1229 397 367

54 494 152 548 verbm
178 493 209 549 in
232 494 462 551 annotationibus
490 496 626 567 scriptum
655 499 711 565 est,
739 497 901 566 exjtracta,
928 494 1003 563 quod
1027 493 1097 548 mihi
1121 493 1232 550 videtur

57 574 151 644 magia
171 575 322 643 quadrare=
403 576 555 631 Lambinus
579 576 739 632 admonitus
759 578 776 628 d
795 575 935 630 Gulielmo
958 575 1065 629 Faerno
1089 573 1161 645 legit
1186 592 1231 628 ex-

56 660 151 725 sucta,
180 655 227 710 cui
254 656 406 711 subscribit
429 657 516 712 codex
540 655 663 712 Carrion.
673 658 692 725 ¹)
725 654 932 726 manuscriptus
956 673 1020 709 cum
1048 654 1232 710 adnotatione

56 735 187 791 codicum
206 735 419 791 Blandiniorum
438 739 523 808 snprb
542 737 626 792 dicta.
656 737 743 792 habet
762 736 837 791 enim
857 739 957 791 exucta
975 731 1077 806 idest,
1096 739 1231 792 extracta.

145 822 191 872 46.
214 836 240 887 p.
251 822 295 872 68.
322 817 442 887 Deripit.
471 817 512 872 sic
525 817 633 872 habent
646 816 756 872 codices
771 817 870 873 Bland.
885 833 941 871 non
956 819 986 872 vt
999 816 1085 886 vulgo
1099 816 1232 889 diri-ipit:

146 902 190 953 65.
210 916 236 967 p.
246 903 290 952 64.
326 899 516 965 formidolosae.
561 897 601 952 sic
624 896 758 967 samnitum
783 901 827 952 est
849 897 879 951 in
901 902 927 952 4.
951 897 1012 951 cod.
1040 896 1139 951 Bland.
1169 914 1232 950 cum

55 978 241 1033 annotatione
258 977 326 1046 lrac,
349 981 464 1049 propter
482 978 624 1033 horrorem
646 977 738 1032 noctis
757 976 780 1029 d
799 978 933 1032 serarum:
958 978 1008 1032 sed
1031 978 1106 1047 quod
1131 994 1231 1048 parum

55 1056 215 1126 interesset,
242 1056 266 1110 b
293 1057 379 1113 aliem
407 1058 620 1114 annotationem
647 1057 817 1126 inuenirem,
845 1058 921 1112 nolui
949 1060 1058 1112 mutare
1087 1065 1232 1113 commune

56 1137 217 1193 lectionem.

144 1222 188 1273 58.
227 1217 307 1284 Quod
330 1223 425 1274 autem
449 1219 558 1274 Subura
577 1236 627 1290 per
647 1218 759 1273 unicum
776 1236 802 1288 r,
823 1218 908 1273 scribi
931 1218 1047 1288 debeat,
1066 1218 1089 1272 t
1107 1236 1163 1274 non
1183 1218 1233 1273 Su-

54 1296 154 1366 burra,
174 1302 319 1370 argumcto
337 1299 419 1354 nobis
438 1302 505 1355 sunt
518 1317 615 1355 omnes
630 1299 741 1368 antiqui
761 1298 874 1354 codices
894 1298 1091 1370 manuscripti,
1110 1298 1233 1370 idipsum

56 1377 145 1434 etiam
164 1382 341 1436 contestante
359 1379 504 1436 lambino.

144 1460 332 1518 Laborarnat.
370 1459 606 1533 anti-lqnissimus
625 1461 719 1516 Codex
737 1460 827 1515 habet
845 1460 1023 1516 Laborarint.
1303 1505 1306 1511 .

145 1541 304 1613 Ssrpcrtam.
338 1541 378 1596 sic
397 1540 501 1598 offendi
520 1543 549 1596 in
568 1548 592 1597 4.
612 1541 756 1596 codicibus
771 1540 851 1596 Blad.
871 1545 953 1596 cotra
971 1540 1118 1609 vulgatam
1133 1540 1230 1595 lectio-

55 1636 129 1692 nem,
149 1622 279 1692 superba.

147 1708 206 1757 100.
225 1721 252 1773 p.
263 1708 306 1758 67.
343 1703 499 1774 Esquilinae
521 1704 609 1759 alites.
646 1702 689 1757 ita
711 1700 803 1773 reperi
826 1701 856 1756 in
879 1704 1000 1771 quatuor
1023 1702 1084 1757 cod.
1109 1702 1231 1774 Blandi-l

56 1782 124 1853 nijs;
145 1800 202 1837 non
222 1782 392 1853 Esquiliniae,

149 1862 230 1933 epod.
241 1862 271 1919 e.
289 1882 316 1933 p.
328 1868 370 1920 68.
400 1863 438 1918 Ia
457 1863 581 1919 Caesium
600 1864 729 1920 &acrum
748 1865 873 1919 Iambica
889 1867 893 1934 Ι
909 1864 1029 1934 Epcdos.
1049 1870 1074 1920 6.

147 1961 174 2013 p.
186 1949 228 1998 70.
266 1944 298 1998 ln
317 1943 499 2014 inscriptione
522 1943 604 2000 huius
628 1943 715 2014 epodi
738 1946 794 1998 tres
819 1943 929 1999 codices
948 1945 1092 2014 Blandinij
1119 1962 1233 2000 consen-

58 2027 144 2094 tiunt,
162 2027 279 2093 quartus
300 2024 427 2093 sequitur
444 2024 591 2093 vulgatam
609 2023 767 2079 lectionem.

146 2124 172 2175 p.
185 2111 227 2160 71.
267 2105 343 2176 Quin
364 2106 418 2160 buc
440 2107 563 2173 inaneis,
588 2107 613 2159 si
631 2111 723 2175 potes,
750 2112 821 2161 verte
847 2107 945 2160 minas.
982 2105 1056 2159 hanc
1082 2105 1232 2159 lectionem

56 2184 146 2239 habet
164 2186 251 2240 codex
276 2183 503 2254 antiquissimus,
527 2183 550 2237 lu
569 2184 657 2239 codex
675 2184 798 2240 Carrion.
885 2185 936 2239 hr'ac
955 2184 1043 2239 etiam
1062 2184 1233 2255 lectio-{nem

54 2264 160 2334 reliqui
179 2270 235 2320 tres
254 2265 364 2320 codices
382 2264 513 2320 Blandin.
538 2265 568 2318 in
591 2264 849 2333 annotationibus²)
868 2268 1038 2334 agnoscunt,
1062 2281 1128 2318 nam
1148 2264 1233 2319 vertis

55 2362 107 2415 pro
127 2349 268 2416 conuerte,
287 2344 399 2416 &petis
418 2361 468 2415 pro
487 2344 613 2417 impe-lte
632 2345 755 2415 positum
773 2347 825 2413 est,
845 2344 983 2412 inquiunt.

147 2431 172 2480 6.
205 2425 320 2481 Fuluus
338 2426 442 2480 Lacon.
480 2424 535 2479 duo
555 2425 643 2479 codic.
664 2425 743 2481 Blan.
763 2425 870 2480 habent
888 2424 970 2481 Laco.

148 2510 190 2561 14.
226 2506 347 2577 Bupalo.
384 2522 440 2560 non
463 2508 557 2560 antem
577 2504 699 2575 Bubalo,
718 2505 826 2561 habent
844 2508 965 2574 quatuor
984 2505 1044 2561 cod.
1064 2505 1087 2558 dr
1108 2504 1231 2560 Carrion.

54 2602 120 2639 cum
139 2583 335 2657 Burri-{diano

147 2664 228 2735 epod.
242 2664 272 2738 9,
289 2671 331 2720 17.
355 2685 380 2736 p.
397 2671 439 2721 89.
476 2668 516 2722 At
542 2667 596 2723 buc
623 2672 768 2722 verterunt.
806 2666 865 2720 hac
894 2667 981 2721 verba
1009 2666 1097 2721 habet
1125 2667 1233 2738 co·}dex

54 2744 162 2800 Carrio.
182 2743 205 2798 dr
224 2763 294 2799 vnus
313 2746 401 2800 codex
420 2746 519 2802 Bland.
543 2745 751 2816 manuscriptus
775 2746 942 2817 expres-lab:
966 2747 1017 2816 alij
1042 2749 1099 2801 tres
1118 2746 1233 2816 habent,

54 2826 95 2880 At
113 2824 201 2880 hunc:
221 2824 334 2897 aliasl),
354 2827 392 2880 At
412 2826 475 2881 hnc.
509 2843 593 2895 quam
617 2829 714 2881 notam
738 2831 873 2895 sequutus
897 2844 959 2880 sum
982 2830 1117 2895 tanquam
1142 2827 1235 2896 magis

55 2905 219 2976 appositam
238 2908 324 2975 atque
343 2906 584 2977 con-isentientem
605 2906 718 2976 scriptis
738 2906 978 2961 annotationibus.

147 2992 190 3041 20.
229 2986 299 3041 Uita.
342 2986 397 3040 duo
421 2987 540 3057 coidices
563 2986 671 3040 habent
694 2986 774 3056 Sitae,
797 2986 827 3040 id
851 2990 907 3056 est,
934 2987 970 3040 ad
990 2987 1134 3042 sinistram
1152 2990 1234 3057 parto

55 3069 156 3134 motae,
174 3082 240 3119 nam
259 3066 399 3121 Antonius
418 3065 548 3134 quicum
567 3066 625 3121 suis
645 3067 682 3121 ab
701 3068 830 3137 Aegypto
850 3072 974 3137 venerat,
993 3068 1033 3123 sic
1051 3068 1150 3122 nausis
1170 3085 1234 3122 suas

55 3147 216 3215 locaucrat,
236 3151 267 3201 vt
289 3146 382 3200 facilis
406 3149 518 3217 pataret
540 3148 617 3216 luga.
655 3147 758 3203 Verum
778 3164 830 3217 ego
850 3147 991 3221 prio-{rem
1012 3148 1160 3203 lectionem
1179 3164 1234 3203 ser-

55 3227 133 3296 uani,
153 3227 232 3295 quod
250 3227 341 3282 altera
358 3243 415 3281 non
434 3231 543 3282 careret
561 3227 655 3283 litura.

147 3307 227 3376 epod.
244 3307 292 3380 10,
304 3313 328 3363 7.
347 3326 374 3377 p.
385 3314 428 3362 98.
468 3308 603 3378 Quantus.
632 3326 702 3363 anus
721 3309 782 3364 cod.
802 3308 968 3363 Blandinius
987 3309 1033 3364 bic
1057 3309 1145 3364 habet
1163 3326 1231 3378 qua-

54 3388 110 3457 lis,
130 3388 181 3441 sed
199 3387 258 3441 alia
274 3387 360 3442 lectio
379 3388 471 3457 magis
490 3388 635 3458 conuenit,
656 3392 771 3458 propter
789 3389 957 3461 Aquilo-inis
977 3389 1160 3459 densitatem,
1179 3406 1236 3457 qua

56 3468 133 3523 altas
153 3470 247 3536 aequet
267 3468 353 3522 humo
373 3472 472 3537 turres,
491 3468 621 3536 tectadne
639 3473 722 3539 rapta
741 3469 827 3524 ferat:

150 3555 191 3604 19.
227 3550 328 3604 Ionius
348 3551 401 3604 odo
424 3552 486 3604 edm
507 3552 660 3620 roccoleno
681 3552 747 3604 sinu
769 3550 867 3604 Notas.
906 3549 1017 3604 codices
1036 3548 1180 3618 Blandinij
1206 3549 1235 3602 in

58 3629 114 3683 bac
132 3629 255 3684 lectione
273 3631 437 3698 consonant,
456 3646 517 3697 quae
537 3628 607 3682 mihi
624 3628 770 3698 probatior
788 3628 900 3683 videtur
918 3631 1004 3697 qnam
1022 3630 1149 3698 vulgata,

149 3718 230 3788 epod.
247 3717 282 3772 11
290 3754 300 3791 ,
316 3725 339 3774 1.
372 3723 473 3788 p‚104.
517 3703 628 3772 ΡΕΤΊῚ
660 3719 731 3772 nibil
759 3736 806 3772 mc.
844 3717 960 3773 tametsi
987 3720 1087 3789 partlm
1112 3717 1234 3787 intersit,

56 3798 134 3853 Petti
157 3814 205 3868 ne,
233 3815 271 3852 an
294 3798 384 3868 Pecti,
411 3798 550 3867 legamus;
578 3797 690 3852 scruaui
712 3801 808 3851 tamen
831 3797 921 3867 Petti,
944 3797 1056 3869 gemino
1076 3801 1096 3853 t.
1120 3800 1235 3868 propter

56 3878 259 3947 antiquitatem
278 3879 406 3933 codicum
422 3879 633 3933 lllandiniorum
647 3877 669 3930 lu
685 3877 883 3932 annotationes
898 3878 1069 3933 carminibus
1085 3880 1233 3948 ascriptas.

56 3960 137 4014 Sicut
155 3966 245 4014 anua.
282 3976 320 4012 an
344 3958 422 4012 dicat
440 3958 573 4013 Horatius
598 3975 627 4013 se
650 3975 706 4012 non
730 3957 813 4012 solito
836 3975 913 4013 more
937 3958 1088 4014 versiculos
1113 3958 1233 4027 scriptu·

56 4057 128 4108 rum,
147 4043 262 4109 propter
280 4039 377 4094 decem
396 4040 501 4108 epodos
520 4038 728 4108 praecedentem,
749 4055 811 4107 quae
825 4039 932 4093 omneis
948 4038 1051 4108 aequali
1065 4038 1113 4092 filo
1128 4037 1232 4112 docnt-l

56 4122 131 4188 runt,
151 4137 237 4188 quum
256 4119 316 4173 haec
335 4119 440 4188 epodos
458 4136 515 4174 non
534 4136 589 4173 vna
607 4119 630 4171 tu
649 4118 777 4189 simplex,
801 4119 851 4174 sed
870 4119 959 4174 mixta
982 4120 1020 4175 sit
1040 4136 1075 4175 ex
1097 4119 1235 4189 pentemi-

58 4200 132 4254 meri
151 4199 280 4269 Heroica,
300 4198 462 4253 &iambico
481 4198 648 4268 dimetro?⁴)

141 4344 178 4466 11)Ι
194 4345 369 4453 {idimon
391 4397 469 4453 Gerr.
558 4400 585 4465 2)
604 4395 701 4451 inanes
775 4398 853 4451 uerte
872 4397 928 4452 cod.
950 4396 1028 4452 Gerr.
1115 4399 1143 4469 8)
1161 4416 1230 4456 corr.

56 4469 95 4523 ad
109 4469 185 4523 hunc
199 4468 279 4523 aliis.
295 4486 324 4538 p.
337 4474 387 4523 1⁵12
441 4472 470 4537 4)
488 4470 553 4523 ndi,
570 4474 638 4522 1578
654 4486 683 4538 p.
699 4475 777 4525 280⁸:
794 4468 1000 4541 συναρ-Ιτητῶς,
1015 4471 1048 4524 rt
1061 4468 1091 4524 in
1105 4471 1236 4526 omnibus
