2866 5016
135 322 185 379 XH
609 325 823 381 PRAEFATIO.

133 495 275 574 paginam
297 494 436 554 uidemus
458 496 622 572 expletam
645 495 676 554 in
699 496 796 555 altera
814 495 926 573 pagina
945 496 1019 554 artis
1038 495 1172 571 poeticae
1191 494 1309 571 reliqua

133 602 202 660 pars
225 584 365 660 sequitur
387 583 448 644 elia
470 603 562 643 manu
581 603 616 644 eo
634 584 765 661 nigriore
784 587 953 644 atramento
972 584 1098 661 scripta:
1122 602 1214 660 quam
1233 584 1307 642 alte-

132 691 197 731 ram
224 691 347 733 manum
374 672 611 752 significauimus
633 674 736 733 littera
758 673 793 732 Ε.
839 674 887 733 Ad
910 692 1059 732 summam
1081 675 1106 732 lt
1130 675 1250 732 constat
1271 692 1309 732 ex

132 761 179 821 his
202 761 436 822 Horatiauorum
459 762 604 821 librorum
626 763 776 838 partibus:
799 783 823 823 6.
842 763 857 820 Ι
879 767 905 839 1,
924 762 1044 841 17-111
1065 764 1181 836 26,12.
1221 780 1306 821 serm.

132 850 201 925 11,
219 851 316 909 1-11
336 853 436 925 5,86.
475 853 654 929 6,34-8,
671 854 721 912 95.
758 852 878 929 epist]
902 852 1048 927 1,1-ΙΙ
1068 852 1190 928 2,216.
1227 869 1253 909 a.
1277 871 1307 926 p.

222 1030 247 1088 Ε
272 1049 307 1088 ex
331 1029 492 1090 Germania
515 1029 667 1106 superiore
691 1030 835 1090 oriundus
858 1033 916 1089 est:

267 1138 289 1177 6
313 1118 344 1176 ΙΙ
367 1121 396 1195 4,
413 1121 453 1179 37
479 1119 608 1192 61111616
629 1139 683 1196 pro
707 1137 852 1188 66611616,

268 1226 290 1266 6.
313 1207 344 1265 ΙΙ
369 1209 398 1281 6,
413 1209 454 1265 44
479 1209 588 1267 6611166
610 1228 664 1284 pro
686 1209 809 1282 pollina,

270 1315 292 1355 s.
315 1296 345 1354 II
371 1298 399 1374 7,
415 1298 456 1355 35
475 1299 610 1370 pluteus
632 1317 686 1374 pro
710 1298 845 1365 blateras,

267 1386 353 1462 epist.
377 1385 407 1443 Π
432 1388 539 1462 2,107
564 1387 736 1461 sererentur
757 1406 812 1464 pro
835 1391 1021 1445 6166166161.

223 1490 267 1550 Cf.
291 1492 423 1570 proxime
447 1492 574 1553 adfinem
597 1493 612 1566 ξ
636 1486 820 1573 (1611161161).

220 1581 336 1640 Partim
359 1581 490 1641 dictatus
514 1586 572 1656 est,
599 1583 711 1657 partim
734 1582 913 1660 descriptus,
941 1581 1031 1658 idque
1056 1602 1090 1641 ex
1112 1581 1188 1640 libro
1212 1581 1305 1640 mino·

134 1669 218 1728 ribus
241 1670 352 1729 litteris
375 1671 466 1747 picto,
489 1672 525 1729 of.
545 1690 567 1730 s.
586 1671 616 1728 Π
637 1674 665 1746 7,
681 1673 736 1731 35:
759 1673 855 1730 616166
877 1691 931 1747 pro
955 1673 1045 1729 domu
1067 1671 1150 1746 Epr.

221 1759 355 1818 Alterius
384 1778 492 1818 manus
520 1764 707 1819 comeatume
735 1760 765 1819 in
793 1759 819 1818 Ε
848 1753 898 1842 (ut
926 1781 950 1819 6.
973 1760 1003 1817 Π
1023 1763 1056 1832 6,
1078 1760 1110 1831 1)
1139 1759 1305 1817 rarissimae

132 1849 212 1922 sunt,
235 1867 332 1923 neque
356 1865 407 1907 ees
430 1847 606 1926 diligentius
626 1868 660 1908 ao
678 1868 732 1926 per
749 1852 849 1909 totum
867 1849 977 1908 librum
996 1848 1114 1907 additas
1133 1867 1195 1907 esse
1215 1867 1305 1923 appa-

131 1939 191 1996 ret:
215 1937 325 1996 etenim
349 1937 441 1996 etiam
464 1937 612 1997 eiusmodi
634 1938 743 1997 menda
765 1942 982 2015 remanserunt,
1005 1957 1083 2014 quae
1106 1938 1195 2014 plane
1218 1955 1306 1995 sensu

132 2029 250 2099 carent,
273 2025 378 2101 qualia
400 2029 484 2085 sunt:

267 2134 291 2174 e.
337 2115 352 2173 Ι
398 2118 485 2193 8,10
509 2118 602 2175 catius
624 2136 679 2192 pro
702 2119 825 2184 6661166,

267 2223 290 2263 6.
306 2203 353 2262 ΠΙ
377 2206 427 2282 23,
443 2206 485 2264 20
507 2206 586 2278 serre
608 2224 662 2280 pro
684 2206 777 2277 forre,

267 2311 291 2352 6.
305 2292 352 2351 III
376 2294 427 2371 24,
443 2295 484 2351 28
508 2294 667 2367 subscripsi
690 2313 744 2369 pro
767 2295 917 2353 subscrib-i.

134 2375 289 2458 Interdum
311 2400 335 2457 I
353 2400 444 2478 longa
467 2400 498 2459 in
521 2400 609 2459 initio
631 2400 821 2478 singularum
844 2420 954 2461 uocum
976 2401 1137 2476 reperitur:

267 2489 402 2562 Iuppiter
424 2508 448 2549 6.
472 2489 487 2546 Ι
508 2491 557 2562 11,
574 2494 601 2548 4.

267 2578 370 2636 Iocum
392 2578 478 2655 epist.
502 2579 517 2637 Ι
543 2582 592 2657 19,
608 2581 658 2638 20.

220 2684 405 2745 Litterarum
433 2685 596 2764 ligaturae:
621 2673 706 2743 N:
725 2691 769 2763 61,
797 2677 877 2749 uu
901 2712 942 2733 =
958 2705 1006 2762 us,
1030 2689 1065 2744 ut
1093 2704 1117 2744 o.
1141 2685 1156 2743 I
1181 2686 1232 2761 23,
1253 2688 1302 2742 21.

137 2774 187 2849 27,
204 2776 254 2832 22.
302 2776 321 2835 s,
337 2801 379 2823 =
394 2776 453 2849 sed,
475 2795 536 2835 non
559 2780 612 2833 set:
636 2776 688 2834 11
712 2795 735 2833 e.
751 2775 794 2832 III
817 2779 844 2851 1,
860 2778 902 2834 40
917 2801 959 2821 =
974 2776 1057 2833 sedet.

221 2862 246 2920 11
265 2864 345 2922 etin
364 2864 546 2923 carminibus
570 2858 599 2942 (Ι
613 2851 738 2921 '1-111
764 2856 886 2942 2612)
910 2867 941 2921 61
959 2864 989 2920 in
1009 2863 1194 2921 sermonibus
1216 2862 1305 2938 primi

132 2951 246 3010 ordinis
265 2955 311 3010 est
333 2956 364 3010 et
382 2952 476 3011 oodioi
494 2946 524 3024 ξ’
543 2952 703 3011 admodum
727 2951 846 3028 adfinis;
870 2952 900 3010 in
924 2951 1062 3026 epistulis
1085 2971 1158 3009 6616
1178 2952 1306 3010 seeundo

132 3039 229 3098 ordini
253 3040 493 3100 adnumerandus
513 3032 597 3121 (uide
616 3040 840 3116 discriptionem
858 3033 1028 3121 classium);
1046 3040 1088 3098 ibi
1107 3042 1239 3115 proxime
1255 3039 1302 3098 ab·

130 3146 193 3188 esse
217 3128 339 3187 uidetur
361 3148 379 3187 a
402 3129 502 3188 oodioe
524 3148 553 3206 g.

220 3216 305 3287 Quod
324 3218 362 3276 ad
383 3217 627 3296 orthographiam
641 3238 669 3294 q.
684 3219 711 3276 d.
727 3218 845 3295 attinet,
860 3218 930 3276 inid
945 3219 1112 3295 posteriora
1131 3238 1197 3277 oum
1217 3221 1305 3278 uetu-

131 3305 274 3365 stioribus
296 3307 392 3365 mixta
414 3307 565 3367 uidemus:

264 3415 287 3455 6.
311 3395 326 3453 Ι
350 3397 459 3473 21130
504 3398 625 3470 66911916
648 3416 717 3456 oum
740 3390 812 3474 u'g,

265 3504 286 3544 s.
310 3485 325 3542 I
372 3488 432 3562 2,1
505 3487 681 3560 6661691611
706 3476 828 3565 (6616916
851 3478 904 3564 11),

264 3592 286 3632 6.
309 3573 324 3631 I
371 3576 456 3651 4,19
502 3576 647 3648 terquinis
670 3594 738 3634 oum
761 3574 892 3633 MLlrl
913 3584 960 3650 61,
983 3577 1077 3649 reete,

499 3665 608 3723 turiseo
631 3685 654 3723 6.
674 3665 689 3722 Ι
710 3666 791 3741 7,11
819 3667 898 3722 16616
922 3682 991 3722 oum
1013 3662 1161 3736 1111111,

264 3770 286 3809 s.
309 3750 341 3808 11
364 3753 393 3826 3,
410 3753 471 3812 186
495 3753 597 3826 uulpes
620 3756 699 3813 16616
723 3772 791 3812 eum
813 3754 921 3829 1111111.
946 3752 1027 3829 Reg,

263 3859 285 3900 s.
308 3840 340 3898 Π
362 3845 392 3917 5,
408 3841 448 3898 62
495 3843 592 3901 turnis
615 3842 654 3917 E,

264 3947 286 3987 6.
309 3929 340 3987 Π
363 3931 392 4007 5,
405 3932 445 3987 73
493 3931 596 3989 adiuel
619 3931 673 3989 El.

220 4035 337 4113 Vbique
360 4035 489 4113 legimus
511 4041 622 4095 motare
644 4056 698 4113 pro
721 4041 844 4106 6161611,
867 4039 927 4098 uid.
944 4038 1059 4115 Epileg.
1079 4037 1117 4095 ad
1136 4057 1160 4095 o.
1175 4037 1189 4094 l
1205 4040 1233 4112 2,
1248 4039 1302 4110 41,

131 4143 208 4201 quae
232 4125 354 4201 quidem
376 4125 526 4200 scriptura
549 4129 709 4201 propterea
732 4127 864 4185 nondum
888 4127 1020 4186 extitisse
1046 4126 1183 4201 putanda
1205 4130 1251 4185 est
1274 4125 1305 4183 iu

130 4209 183 4289 11,
207 4214 279 4289 quia
302 4234 318 4272 e
342 4214 372 4272 id
394 4233 455 4274 non
477 4214 601 4290 praebet
624 4209 660 4293 (s.
684 4216 699 4272 I
725 4219 752 4289 1,
769 4218 833 4294 18).

219 4297 270 4362 ‘In
293 4321 383 4361 usum
406 4298 565 4380 Delphini'
587 4306 624 4361 ut
647 4304 753 4364 dieunt
774 4323 880 4364 uersus
904 4324 925 4363 6.
950 4305 964 4361 I
989 4306 1095 4381 3,107
1121 4302 1152 4361 in
1172 4304 1196 4360 E
1217 4303 1303 4362 oruis·

131 4410 181 4450 sus
205 4394 258 4451 est.

219 4499 264 4559 ue
287 4498 425 4576 epistulis
449 4479 568 4559 uioefi
591 4499 732 4559 ordinem.
