2866 5016
497 1307 901 1390 runnunrro.
964 1418 967 1424 ³

644 1476 728 1483 .—-—

199 1613 423 1692 Flagitantibus
442 1613 555 1690 amiciS,
569 1616 606 1671 ut
624 1611 743 1672 tandem
765 1613 928 1689 aliquando
946 1614 1066 1690 plenam
1085 1617 1116 1674 et
1133 1615 1284 1694 integrum

108 1705 247 1764 codicum
266 1703 502 1762 Horatiauorum
524 1702 556 1760 in
579 1701 676 1762 medio
707 1721 883 1777 poneremus
906 1703 1138 1782 enarrationem,
1162 1704 1284 1763 iamiam
1353 1769 1355 1773 ¹

106 1793 178 1852 huic
201 1791 346 1852 desiderio
370 1791 541 1851 satisfacere
565 1790 737 1866 sociataque
762 1810 852 1867 opera
871 1790 959 1851 ambo
982 1810 1036 1851 uos
1056 1791 1192 1869 editores,
1217 1793 1283 1869 qui·

107 1901 239 1958 cumque
262 1880 378 1941 codices
405 1881 443 1940 ad
469 1899 533 1939 rem
561 1879 695 1939 criticam
723 1880 867 1940 momenti
895 1880 1024 1939 alicuius
1053 1900 1115 1940 esse
1140 1881 1284 1941 uideban-

108 1976 169 2049 tur,
193 1989 244 2030 eos
267 1970 316 2030 hic
338 1988 512 2029 enumerare
535 1987 570 2027 ae
593 1967 756 2029 describere
779 1969 810 2027 in
834 1968 969 2028 animum
989 1968 1170 2048 induximus,
1193 1970 1284 2046 idque

107 2080 168 2120 uon
190 2060 353 2136 lyricorum
372 2058 469 2118 solum
488 2058 663 2135 carminum,
687 2058 738 2116 sed
757 2057 849 2117 etiam
868 2058 1086 2134 dactylicarum
1105 2060 1283 2135 plerumque

108 2148 214 2208 habita
237 2148 361 2208 ratione.
800 2216 803 2222 ¹

199 2237 358 2298 Librorum
381 2256 473 2296 manu
497 2237 677 2312 scriptorum
700 2238 772 2296 sunt
795 2235 904 2296 classes
928 2236 992 2296 siue
1016 2236 1133 2296 ordines
1156 2240 1225 2297 tres.

637 2443 721 2511 Ordo
739 2428 768 2510 l.

196 2575 316 2634 Primus
346 2575 431 2650 ordo,
461 2574 486 2632 si
515 2593 584 2633 cum
614 2574 720 2634 ceteris
749 2573 833 2633 libris
863 2576 1064 2651 comparatur,
1094 2575 1284 2651 paucissimis

105 2664 222 2723 mendis
253 2663 380 2723 laborat
435 2663 516 2722 Idem
544 2663 665 2723 scholiis
692 2683 719 2739 q.
744 2664 770 2721 d.
799 2663 1079 2740 PseudacronianiS,
1112 2665 1232 2724 scholiis
1259 2667 1288 2723 Γ

105 2753 276 2831 glossisque
299 2756 329 2811 Γ
347 2753 391 2811 ita
414 2771 444 2810 se
464 2752 609 2829 applicat,
631 2756 668 2811 ut
691 2752 763 2811 data
785 2752 938 2811 occasione
961 2753 1009 2810 hie
1031 2753 1094 2812 illic
1116 2754 1233 2831 glossae
1253 2754 1284 2812 iu

106 2846 281 2901 contextum
305 2842 490 2918 inrepserint.
538 2840 659 2900 Codices
683 2841 741 2915 ipsi
765 2844 867 2900 autem
890 2843 961 2900 suut
983 2841 1027 2899 hi:

197 3119 290 3184 D‘=
305 3126 332 3184 D
349 3123 389 3200 -l-
405 3147 431 3202 r,
458 3125 534 3184 liber
557 3124 718 3184 admodum
740 3124 849 3202 bonus,
872 3105 975 3202 Vllll,
999 3125 1030 3183 ni
1053 3125 1197 3200 fallimur,
1220 3144 1283 3186 sae·

106 3233 184 3308 culi3
221 3232 409 3307 paucissimis
439 3232 485 3290 ΙΙΙ
514 3230 626 3292 ordinis
656 3230 740 3290 falsis
772 3230 950 3290 lectionibus
981 3224 1019 3311 (c.
1043 3232 1057 3290 Ι
1089 3234 1176 3310 13,5
1209 3225 1284 3314 tom)

105 3322 307 3397 deformatum
331 3320 450 3380 restitui
473 3323 574 3398 potest
596 3319 664 3378 inde
689 3338 707 3378 a
730 3339 753 3378 c.
773 3320 787 3377 1
810 3324 858 3396 11,
879 3323 997 3397 6-29,
1018 3326 1044 3379 1.
1067 3324 1121 3399 31,
1140 3322 1283 3381 16-111

107 3413 136 3487 2,
159 3412 209 3469 31.
258 3403 299 3467 D'
322 3430 381 3470 nou
408 3409 590 3486 capitalibus
617 3408 727 3468 litteris
750 3412 891 3468 exaratus
914 3411 991 3485 erat3
1015 3428 1038 3469 c.
1058 3409 1073 3468 I
1094 3412 1123 3488 2,
1141 3413 1179 3470 25
1205 3410 1284 3469 enim

102 3499 131 3557 D
160 3499 242 3557 clim]
265 3497 368 3558 scribit
389 3518 443 3576 pro
467 3500 547 3558 diuet.

196 3587 259 3646 Nec
290 3589 386 3647 solum
412 3589 440 3646 D
457 3586 497 3664 -Ι-
512 3610 540 3665 r,
564 3586 614 3647 sed
642 3587 734 3646 etiam
760 3587 786 3645 D
814 3606 888 3647 corr.
917 3584 989 3662 -Ι-τ
1016 3587 1146 3647 codicem
1173 3583 1214 3645 Ι)’
1237 3608 1281 3648 re-

104 3679 316 3754 praesentant,
344 3676 491 3752 siquidem
514 3677 541 3734 D
565 3695 584 3735 1
606 3676 728 3736 librario
752 3676 816 3751 ipso
839 3678 990 3735 correctus
1016 3695 1120 3735 ueram
1148 3676 1217 3736 libri
1240 3672 1281 3734 Ι)’

104 3765 268 3826 lectionem
291 3765 417 3843 exhibet,
440 3768 477 3824 ut

151 3873 175 3914 e.
201 3853 233 3912 ΙΙ
259 3856 364 3932 12,12
397 3855 578 3913 minantium
601 3853 686 3929 Dpr.
717 3855 876 3911 minacium
898 3853 925 3910 D
949 3872 1023 3912 corr.

149 3963 174 4002 c.
201 3942 231 4000 11
258 3945 342 4020 17,7
397 3961 449 4002 nee
472 3941 537 4001 add.
560 3942 588 3999 D
612 3961 695 4020 corr,
718 3961 775 4001 om.
799 3941 825 3999 D
849 3961 893 4017 pr.

149 4051 174 4091 c.
200 4031 231 4089 Π
257 4034 341 4109 19,6
398 4032 481 4091 baeti
502 4031 530 4088 D
553 4051 608 4108 pr,
632 4031 729 4090 bacchi
751 4031 778 4088 D
802 4049 876 4089 corr.

148 4141 174 4180 c.
199 4120 231 4178 Π
258 4124 307 4197 19,
322 4125 360 4179 21
396 4123 587 4194 memorenlis
609 4119 636 4176 D
659 4139 712 4196 pr,
735 4137 797 4177 eom
816 4122 950 4192 parentis
973 4120 1000 4177 D
1024 4140 1096 4179 corr.

150 4229 175 4270 c.
201 4208 232 4268 Π
257 4212 342 4287 20,2
392 4227 495 4284 pererra
518 4209 544 4266 D
567 4228 620 4285 pr,
639 4211 737 4282 pier-rra
759 4208 786 4265 D
810 4226 883 4266 corr.

149 4318 175 4359 c.
200 4297 233 4356 Π
257 4300 365 4376 20,14
395 4302 538 4373 pertentes
559 4298 586 4355 D
610 4318 663 4375 pr,
684 4300 822 4372 perieritis
845 4297 872 4354 D
896 4315 969 4356 corr.

152 4385 282 4536 IIQuod
309 4386 347 4447 ad
379 4387 505 4448 formam
537 4386 706 4446 litterarum
739 4386 861 4464 attinet,
895 4385 1026 4445 notabile
1060 4378 1235 4464 11111111
1264 4406 1280 4448 r

99 4498 126 4541 c.
212 4478 263 4554 16,
280 4479 307 4537 9.
