2866 5016
139 279 225 334 XLVI
615 280 832 342 PRAEFATIO.

228 450 418 527 Quamquam
441 451 577 528 singulae
600 452 719 512 litterae
742 452 885 529 unciales,
907 454 945 510 61
968 446 1010 511 Ol
1026 477 1068 499 =
1082 472 1112 511 m
1130 451 1240 531 finalis,
1264 470 1311 513 oc-

138 544 276 618 currunt,
307 541 482 600 minusculis
509 541 620 600 litteris
648 542 800 617 exemplar
827 544 982 600 exaratum
1012 542 1105 601 fnisse
1128 541 1242 602 infitias
1267 541 1311 603 in

138 649 224 690 nemo
243 633 357 708 potest3
379 629 524 691 habemus
542 630 621 689 enim
639 633 658 703 s
670 650 725 707 pro
743 631 763 703 f
776 631 943 705 (aratrum),
966 631 1057 706 dpro
1078 632 1104 689 a
1122 635 1154 691 et
1171 630 1198 690 cl
1218 650 1273 708 pro
1290 648 1311 690 r:

138 713 285 799 (dosiades
303 721 355 797 ji,
379 720 469 778 clame
487 720 534 797 jl,
559 721 654 779 claena
674 711 734 800 ji).
780 719 871 779 Haud
894 719 955 779 scio
979 739 1018 779 en
1041 739 1110 796 pars
1133 719 1311 780 (1161616611

138 809 228 885 idque
258 809 289 867 in
319 808 418 867 media
446 806 620 868 Germania:
651 809 730 868 unde
757 811 892 882 ploteros
914 810 966 885 jl,
993 810 1093 883 pleps,
1125 827 1199 884 epar
1219 810 1233 885 j
1257 828 1303 886 pr.

138 899 252 966 1166617,
276 899 352 972 salgi
370 898 406 973 jl
431 900 487 956 ant
509 918 553 974 pr.
576 898 635 976 bis,
658 901 792 965 maistre,
816 901 918 957 troico.
964 897 1012 956 Ad
1033 898 1165 959 mediam
1188 897 1311 959 Germa·

137 987 218 1046 niam
242 989 377 1064 spectare
400 986 530 1065 uidetur,
555 988 636 1064 quod
656 1006 677 1062 g
700 987 853 1047 omittitur
874 987 906 1046 in
929 989 1049 1046 maatro
1073 991 1105 1048 61
1127 989 1222 1048 troica
1245 990 1276 1048 et
1295 1004 1311 1063 ι

137 1077 257 1153 saepius
280 1076 405 1151 ponitur
426 1095 480 1152 pro
504 1095 521 1135 o
544 1079 576 1135 et
592 1078 629 1152 pl
650 1096 704 1152 pro
728 1077 763 1136 51.
1134 1146 1152 1153 -

225 1182 382 1242 Notabiles
405 1184 477 1242 sunt
498 1184 612 1242 formae
635 1184 715 1258 uolgi
732 1184 769 1260 jl
794 1201 880 1243 serm.
899 1183 914 1241 I
933 1186 963 1261 4,
983 1186 1034 1262 72,
1056 1159 1151 1244 auersi
1175 1202 1261 1244 serra
1279 1181 1311 1243 Il

139 1274 172 1350 3,
194 1275 248 1350 10,
275 1273 348 1330 haut
376 1272 461 1348 epist
484 1273 499 1329 I
524 1275 552 1349 8,
572 1274 592 1330 4
616 1273 760 1332 etmulti
783 1272 950 1332 accusatiui
973 1274 1005 1331 in
1026 1275 1054 1331 is
1077 1276 1228 1351 exeuntes,
1257 1272 1311 1351 qni

137 1381 225 1438 saepe
244 1365 299 1420 aut
313 1361 350 1420 ab
370 1361 466 1420 altera
479 1380 573 1420 manu
588 1364 643 1420 aut
658 1361 695 1419 ab
714 1362 780 1438 ipso
800 1362 895 1421 scriba
909 1362 940 1420 in
960 1380 990 1421 es
1008 1363 1119 1421 mutati
1138 1365 1218 1422 sunt.
1255 1362 1311 1422 aa

136 1468 189 1528 ubi
213 1469 418 1529 circumflexus
441 1469 606 1546 inuenitur,
629 1472 665 1528 ut
689 1469 774 1545 epist.
794 1468 824 1526 II
846 1472 872 1546 1,
894 1471 956 1528 226
982 1443 1014 1528 eri
1037 1460 1198 1552 (aduerb.)‚
1225 1488 1311 1530 serm

136 1584 151 1642 I
175 1588 286 1653 3,104
310 1559 448 1644 ireacuirc
474 1576 526 1664 (ne
550 1585 671 1661 legatur
697 1586 729 1642 ia
752 1578 881 1665 aurire).
923 1604 1008 1646 serm.
1032 1585 1047 1642 Ι
1071 1587 1101 1663 8,
1120 1589 1159 1646 81
1186 1560 1236 1646 iis
1259 1579 1311 1668 (66

137 1674 340 1750 interpreteris
359 1699 402 1721 =
420 1666 482 1753 uis)
506 1673 544 1732 cf.
566 1693 595 1748 p.
614 1673 666 1731 VI.

225 1781 311 1851 Quod
334 1780 372 1839 ad
395 1781 537 1839 classium
560 1780 690 1840 indolem
714 1781 833 1860 attinet,
852 1783 866 1858 j
892 1782 971 1841 inter
991 1801 1093 1841 omnes
1111 1785 1173 1841 tres
1192 1782 1311 1842 ordines

135 1888 273 1964 fluctuat,
297 1889 404 1962 utpote
429 1886 483 1963 qui
505 1890 591 1945 ortus
614 1906 676 1946 csse
700 1887 843 1946 uideatur
866 1908 881 1946 6
905 1888 1005 1948 codice
1023 1867 1071 1947 ITI
1093 1889 1216 1967 ordinis,
1238 1907 1311 1949 non-

137 1995 229 2054 nullis
252 1974 282 2051 11
306 1993 419 2053 ordinis
446 1993 541 2052 uariis
569 1993 748 2053 lectionibus
776 1994 915 2071 adsperso
944 1997 976 2054 et
1002 1999 1108 2072 postea
1135 1996 1174 2055 ad
1201 1995 1311 2056 codicis

137 2101 294 2160 cuiusdam
314 2080 331 2159 1
355 2095 469 2159 ordinis
492 2119 627 2159 normam
654 2102 729 2160 satis
757 2101 918 2179 diligenter
944 2105 1077 2162 correcto
1100 2106 1131 2162 et
1154 2102 1192 2163 ab
1216 2102 1311 2162 omni·

135 2209 191 2268 bus
214 2210 275 2268 fere
294 2186 346 2265 ffl
368 2207 481 2267 ordinis
505 2207 619 2265 mendis
641 2211 780 2284 purgato.

711 2436 732 2492 μ

225 2563 245 2619 μ
269 2565 310 2588 =
335 2540 426 2600 codex
457 2537 738 2615 Montepessulanus
771 2531 989 2621 (Montpellier)
1026 2542 1144 2601 scholae
1176 2541 1311 2603 modicas

136 2648 177 2690 nr.
193 2631 268 2706 425,
291 2630 363 2689 olim
381 2629 574 2707 Pithoeanus,
597 2628 717 2687 membr.
737 2631 1050 2708 Ο,202><Ο,15216.,
1076 2632 1137 2690 128
1157 2631 1311 2710 foliomm,

137 2722 266 2778 30-35
297 2719 441 2778 linearum
469 2718 501 2776 in
530 2718 656 2795 singulis
683 2717 816 2795 paginis,
849 2719 982 2777 continet
1009 2720 1184 2778 uniuersum
1213 2721 1311 2781 Hora·

136 2807 227 2866 tium:
246 2808 386 2885 camlina,
405 2807 525 2884 epodoS,
544 2825 664 2865 samen
683 2807 844 2882 saeculare,
863 2810 959 2867 artem
977 2808 1135 2887 poeticam,
1154 2809 1311 2890 epistulas,

135 2915 292 2955 sennones.

223 3003 357 3062 Neumae
390 3001 582 3078 reperiuntur
613 3021 636 3061 c.
660 3001 722 3059 IIII
748 3005 802 3079 11,
824 3005 945 3082 1-24,
981 3023 1111 3081 quarum
1143 3004 1311 3083 imaginem

134 3092 248 3167 pictam
271 3091 356 3150 uides
379 3091 409 3149 in
434 3091 593 3168 catalogue
617 3084 737 3168 gintral
761 3091 812 3150 des
835 3086 1055 3169 bibliotheques
1074 3092 1237 3171 publiqnes
1258 3095 1311 3156 des

134 3173 364 3258 dipartements,
387 3180 473 3238 Paris
499 3181 592 3240 1849.
630 3184 651 3238 t.
670 3181 685 3237 I
709 3200 737 3256 p.
757 3181 820 3238 454
833 3199 895 3257 sqq.

223 3310 252 3366 μ,
275 3288 354 3347 inter
376 3291 437 3347 tres
461 3286 579 3346 ordines
601 3286 760 3364 fluctuans,
782 3288 958 3362 praesertim
982 3289 1012 3347 in
1037 3290 1161 3349 tortium
1180 3290 1311 3353 inclinat

131 3370 269 3458 (olida).
319 3376 455 3435 Pretium
486 3375 578 3435 habet
610 3376 788 3435 lectionibus
821 3374 1001 3453 quibusdam
1036 3379 1158 3438 secundi
1193 3380 1311 3442 ordinis

133 3467 263 3544 propriis
286 3465 428 3541 inspersis
451 3456 536 3545 (uide
559 3464 784 3541 discriptionem
807 3465 949 3524 classium
970 3469 1001 3525 ct
1018 3469 1200 3544 apparatum
1220 3470 1311 3546 epist.

134 3556 198 3635 18,
218 3560 247 3616 5.
274 3558 323 3633 10,
343 3557 394 3614 37.
420 3558 471 3628 17,
490 3546 547 3635 21)
575 3557 606 3612 61
633 3554 813 3631 quibusdam
840 3552 928 3613 rebus
952 3576 979 3630 q.
1003 3576 1032 3615 6.
1056 3557 1311 3639 orthographicis,

134 3650 290 3706 61661616
318 3644 403 3720 epist.
426 3643 442 3702 I
467 3647 500 3721 6,
519 3644 562 3700 44
590 3646 621 3702 et
649 3648 724 3702 ortis
751 3644 836 3719 epist.
861 3643 876 3700 I
901 3644 1000 3720 5,18.
1026 3648 1115 3723 6,17
1144 3646 1176 3705 16
1199 3648 1264 3707 6616
1289 3670 1311 3728 μ

135 3737 313 3795 conseruata
335 3733 414 3792 sunt.

224 3842 364 3903 Ceterum
387 3840 466 3898 inter
487 3838 561 3898 haec
589 3838 681 3898 etiarn
709 3838 801 3897 dubia
822 3838 976 3914 ⁴quaedam
1000 3840 1249 3916 deprehendimus
1272 3847 1311 3905 61

135 3951 220 3993 serm.
240 3932 272 3990 Π
296 3934 329 4009 3,
350 3932 391 3989 18
410 3947 557 4004 posquam
585 3920 631 4011 (in
659 3928 738 3987 solos
760 3920 805 4009 μ).
850 3928 941 3986 taras
963 3919 1036 4008 (6.1
1056 3931 1107 4007 36,
1128 3933 1145 3988 5
1166 3954 1196 4008 μ.
1220 3932 1310 4009 epist.

135 4022 229 4100 Ι20,
251 4023 292 4081 10
315 4043 343 4098 μ.
390 4038 413 4078 c.
437 4017 499 4076 1111
524 4019 638 4095 13,14
665 4041 687 4095 μ
713 4035 777 4075 aar.
822 4019 938 4076 micuit
964 4021 1020 4078 art.
1049 4022 1127 4094 poet.
1152 4021 1215 4079 471
1248 4013 1310 4104 (μ).

134 4111 306 4169 Nonnullae
329 4109 471 4168 lectiones
493 4105 591 4166 medio
614 4125 690 4165 aeuo
713 4105 856 4165 audacter
878 4106 1065 4184 excogitatae
1088 4111 1168 4186 sunt,
1190 4113 1228 4168 ut
1246 4128 1310 4170 ser·

133 4202 267 4259 arantheus
291 4189 425 4280 (puer.)
454 4215 508 4274 pro
535 4196 726 4254 monitoribus
753 4194 839 4270 epist.
862 4194 894 4252 11
919 4196 1039 4271 2,154.
1080 4199 1230 4270 proiectus
1252 4220 1308 4276 pro

129 4293 281 4364 porrectas
305 4280 354 4369 (μ)
378 4307 399 4347 s.
423 4287 454 4344 Π
478 4286 601 4363 3,112.
645 4284 736 4342 aelati
758 4285 785 4342 si
813 4275 862 4364 (μ)
890 4302 944 4358 pro
971 4285 1051 4342 666161
1077 4286 1137 4345 illis
1165 4305 1250 4347 serm.
1275 4289 1309 4348 11

135 4382 164 4456 8,
185 4380 233 4439 94.
280 4381 386 4451 qraiqac
412 4396 467 4453 pro
494 4390 623 4449 paoem
650 4391 673 4431 c.
693 4390 715 4430 a.
735 4373 786 4431 49.
832 4390 891 4430 noa
917 4392 971 4448 pro
994 4391 1065 4432 uara
1089 4365 1125 4455 (μ
1143 4370 1224 4459 aar.)
1247 4379 1309 4438 c.I

135 4470 257 4550 24,15.
293 4469 424 4526 mancus
445 4484 500 4544 pro
522 4464 637 4523 macri
660 4453 696 4544 (μ
718 4453 798 4544 nar.)
821 4480 845 4523 6.
864 4461 926 4519 ΠΠ
950 4464 979 4543 8,
1000 4464 1050 4522 12.
