2866 5016
459 304 651 362 excessis
668 305 889 373 ORVQVIANa
1192 307 1258 373 359

96 471 150 526 deo
168 475 213 527 est
231 471 306 540 quod
326 471 379 526 heo
397 471 427 524 in
445 487 475 525 re
495 468 644 538 quisquam
664 467 719 522 sibi
740 468 922 538 persuadeat,
945 486 991 523 me
1013 468 1116 524 veteris
1139 469 1259 525 alicuius

96 552 185 621 egroti
212 551 321 607 somnia
339 551 455 621 referre,
478 552 529 604 aut
551 565 586 603 ea
607 549 712 619 dicere,
736 566 798 617 quse
816 565 915 618 parum
935 548 993 604 sint
1010 548 1125 604 veritati
1143 566 1258 605 consen·

96 648 179 687 anea.
216 649 329 702 nanque
351 632 382 687 in
406 629 657 701 annotatio-inibus
684 628 770 684 trium
792 628 905 684 illorum
929 630 1057 685 codicum
1080 647 1150 699 quos
1174 631 1257 686 Blan-

96 712 175 768 tinios
200 716 286 782 supra
305 712 377 782 dixi,
400 727 591 782 saepenumero
614 709 700 764 trium
724 710 959 765 commentariolis
983 714 1078 766 ternas
1101 711 1257 767 sententias

96 793 256 862 ¹eprehendi
279 792 408 862 mutilas,
431 795 558 860 truncas,
581 789 721 861 inuersss,
745 791 930 862 deprauatae,
955 808 1025 860 quas
1048 791 1103 846 heo
1125 791 1258 862 apposita

96 873 255 946 ›arti-touls,
275 873 374 942 Aliter,
393 872 575 942 consignatas
593 870 706 941 offendi,
724 874 756 925 vt
771 871 927 941 plerunque
940 888 975 927 cx
993 872 1084 926 tribus
1102 872 1256 943 codicibus,

96 970 142 1008 res
161 952 300 1009 dictiones
323 953 354 1007 in
372 970 456 1008 vnam
479 951 670 1024 sen-ltentiam
694 967 793 1020 cogere
812 952 918 1006 diuisas
942 952 1012 1007 mihi
1030 952 1116 1007 fucrit
1133 970 1256 1009 necesse.

96 1036 174 1099 tuam
194 1034 306 1090 obrem
326 1050 435 1103 nequeo
449 1033 519 1088 satis
539 1031 680 1100 demirari,
699 1035 754 1102 atq
774 1033 845 1087 adeo
865 1032 1000 1088 detestari
1018 1032 1094 1087 illius
1112 1032 1257 1088 inscitiam

98 1130 113 1169 e
142 1113 237 1168 dicam
262 1131 299 1168 en
326 1113 553 1186 impuden-ltiam
581 1112 688 1181 nescio,
718 1112 846 1182 quisquis
869 1113 966 1183 fuerit,
996 1113 1044 1182 qui
1066 1113 1173 1184 primus
1196 1115 1256 1170 haeo

96 1194 200 1264 cripta,
224 1195 303 1249 nullo
327 1194 440 1249 delectu
462 1197 642 1262 coaceruata,
666 1192 696 1246 in
716 1194 860 1263 publicum
880 1194 942 1248 duri
961 1195 1114 1265 curauerit,
1137 1194 1192 1248 nisi
1210 1194 1257 1250 vel

96 1277 240 1346 opiditate
258 1292 337 1329 vanae
364 1275 483 1330 alicuius
507 1275 616 1344 glorius,
640 1291 725 1342 quam
747 1274 872 1343 proiecto
895 1274 1075 1344 praestitisset
1093 1273 1256 1330 melioribus

98 1357 208 1427 ugurijs
233 1355 388 1425 auspiceri,
413 1356 456 1410 vel
481 1355 511 1409 in
533 1354 655 1426 gratiam
679 1354 807 1410 fortassis
831 1355 910 1408 anari
928 1354 1047 1409 alicuius
1066 1355 1255 1426 Typographi,

96 1437 223 1491 retinerit
241 1452 328 1491 oaeoos
347 1435 398 1490 hos
418 1436 522 1509 ede-tre
542 1435 658 1492 catulos.
695 1435 783 1504 Atqui
806 1438 837 1490 vt
860 1435 913 1490 hoc
937 1436 1039 1490 donem
1057 1435 1255 1507 Typographo,

96 1517 145 1586 ,uis
165 1534 229 1572 eam
250 1516 410 1586 opinionem
434 1533 490 1571 non
513 1515 649 1586 explodet
671 1515 829 1585 exsibiletq3
849 1532 881 1570 ac
900 1516 1100 1586 propemodum
1119 1519 1182 1571 tota
1199 1518 1257 1571 An·
1326 1510 1329 1515 ’

96 1598 173 1668 icyra
191 1598 306 1666 dignam
325 1596 439 1666 iudicet,
459 1614 516 1665 qua
535 1597 670 1650 hactenus
689 1596 736 1651 vel
754 1612 771 1649 a
786 1595 852 1650 viris
871 1595 1056 1666 doctissimis,
1079 1596 1174 1651 nescio
1193 1614 1256 1668 pro-

96 1680 154 1733 ectb
171 1678 273 1746 quibus
287 1675 449 1747 prestigijs,
468 1674 606 1732 creditum
622 1679 674 1747 est,
688 1675 762 1730 hano
776 1677 879 1731 craben
888 1677 908 1745 ¹)
921 1676 1000 1746 prius
1015 1675 1128 1745 quidem
1144 1676 1255 1749 Acroni,

96 1760 179 1812 ostea
197 1760 271 1825 verb,
291 1756 373 1825 quasi
392 1774 426 1811 ex
445 1757 543 1811 eodem
563 1755 656 1812 lebete
674 1759 823 1826 recoctam,
846 1755 1033 1827 Porphyrioni
1050 1756 1255 1828 propinandam

96 1855 146 1908 sse,
167 1837 223 1891 nisi
240 1846 420 1907 ψωραγριῶν,
439 1836 544 1891 infecto
564 1836 662 1908 plone,
681 1838 767 1906 atque
786 1836 909 1907 insipido
928 1837 1025 1907 palato
1044 1837 1214 1906 aliquis.

169 1922 206 1988 (p.
218 1921 263 1986 12)
345 1916 475 1972 Ceterum
493 1920 522 1972 te
541 1916 740 1972 commonitum
759 1917 837 1972 volui
859 1919 949 1971 amice
972 1918 1074 1987 lector,
1098 1917 1168 1972 mihi
1191 1936 1254 1973 oum

95 1998 198 2069 ntique
216 1998 398 2068 inscriptione
417 2000 529 2053 omnino
547 2014 604 2052 non
621 1997 781 2070 osi-luenire,
801 1997 868 2066 quia
881 2002 950 2052 nota
962 1998 1055 2069 magis
1069 1999 1141 2053 nulli
1155 2000 1254 2056 domus

96 2082 122 2134 st
141 2096 201 2149 sua,
222 2080 306 2147 quium
321 2077 393 2132 mihi
407 2078 584 2148 exploratum
603 2080 648 2132 est
661 2094 696 2132 ea
713 2095 768 2152 quq
787 2077 923 2131 hacteuus
943 2076 1043 2149 edi-{ta
1062 2081 1140 2146 sunt,
1163 2096 1254 2149 neque

96 2159 196 2213 „otonis
220 2175 293 2228 csse,
317 2175 408 2227 neque
431 2157 667 2230 Porphyriolnis,
692 2158 741 2212 sed
761 2157 896 2227 subrepta
920 2173 954 2212 ex
977 2157 1034 2228 bis,
1059 2161 1253 2230 corruptisque,

96 2239 157 2295 aius
185 2239 226 2294 rei
253 2242 342 2294 testes
370 2239 497 2294 oculatos
524 2239 616 2294 habeo
645 2237 719 2292 viros
748 2237 873 2293 cruditos
900 2254 956 2291 non
983 2254 1052 2351 paq·
1067 2242 1077 2308 ΙΙ
1091 2241 1128 2309 (p.
1139 2242 1183 2309 18)
1198 2257 1253 2298 cos.

1006 2322 1052 2352 00.

96 2366 163 2419 'orrb
182 2363 293 2418 labores
313 2364 421 2419 alienos
440 2363 549 2419 auctori
568 2362 723 2418 asscribere
741 2368 778 2417 nd
798 2379 860 2431 suo,
883 2378 975 2431 neque
999 2362 1147 2417 consilinm
1165 2363 1196 2417 in
1214 2380 1253 2434 so,

96 2448 109 2500 t
126 2444 220 2513 inquit
238 2445 296 2512 ille,
314 2444 428 2515 usique
446 2444 561 2498 modum
579 2443 668 2498 habet
686 2443 782 2498 vllum.
820 2443 959 2497 Praetereo
983 2442 1142 2497 barbariem
1166 2443 1253 2499 insul·

96 2542 145 2594 sm,
160 2525 362 2595 interpolatam
376 2524 603 2594 descriptionem,
619 2522 818 2578 alienamulta
832 2523 955 2578 edoctis
971 2522 1094 2593 auribus,
1114 2524 1136 2576 s
1155 2523 1254 2594 inepta

96 2604 218 2658 ocabula
235 2604 392 2677 plu-trima,
416 2622 478 2673 quas
500 2603 598 2673 gloriae
617 2603 640 2656 ds
659 2602 861 2659 existimationi
880 2605 1023 2658 tantorum
1041 2602 1185 2676 ssi-trorum
1203 2622 1253 2676 pa·

96 2687 138 2738 im
157 2685 301 2739 commode
321 2684 408 2739 tribui
421 2687 548 2754 possunt.
581 2684 755 2757 Poetis-imo,
774 2686 859 2752 quem
875 2686 941 2738 sunt
958 2682 1057 2752 multa,
1076 2684 1250 2756 prohdolor,

96 2784 105 2819 ι
124 2765 291 2819 Acronianis
309 2763 367 2819 illis
386 2763 585 2834 commetarijs,
604 2763 869 2834 Porphyrionisque,
888 2763 993 2834 passim
1009 2780 1027 2817 a
1041 2763 1133 2836 vitris
1153 2764 1252 2833 peritis

96 2844 219 2900 steriscis
247 2847 360 2916 notata,
388 2845 478 2900 obelis
506 2844 650 2913 confossa,
678 2844 793 2916 li-tturis
817 2843 924 2911 deleta,
949 2843 1070 2912 denique
1093 2844 1252 2900 cancellata

96 2926 162 2992 tque
187 2929 286 2979 erasa?
323 2927 356 2979 vt
373 2926 449 2979 certo
473 2924 576 2979 certius
601 2925 727 2993 credam,
751 2923 775 2977 si
794 2924 877 2978 detur
895 2923 952 2977 illis
972 2923 1126 2992 aliquando
1145 2926 1182 2978 ad
1200 2942 1251 2980 nos

96 3003 111 3057 b
130 3003 228 3058 inferis
247 3003 350 3075 redire,
374 3004 515 3059 neminem
539 3007 764 3062 odmentstorum
785 3003 898 3059 illorum
916 3021 966 3073 pro
986 3003 1044 3059 suis
1062 3003 1123 3059 hero
1141 3005 1252 3075 agnitu·

96 3102 144 3140 un.
175 3084 266 3150 Quare
282 3090 312 3140 vt
325 3083 355 3138 in
369 3101 514 3140 commune
530 3085 660 3140 omnibus
678 3083 948 3140 commentatoribus
962 3084 1166 3158 consule-trem,
1181 3102 1251 3154 quos

96 3181 130 3219 es
154 3163 268 3218 inuenio
291 3163 321 3217 in
345 3164 405 3220 vita
427 3165 538 3235 Horatij
559 3163 783 3238 'manuscrilpta,
811 3164 1042 3234 Porphyrionem,
1066 3164 1251 3237 Helenium¹),

96 3261 221 3313 cronem,
240 3242 380 3299 &Iulium
394 3240 566 3315 Modestum,
582 3247 635 3300 hoc
649 3245 884 3300 Commentatoris
899 3244 1088 3319 voce-(bulum
1104 3245 1149 3299 his
1163 3262 1251 3301 anno-

96 3324 231 3380 stionibus
251 3325 395 3395 proprium
413 3326 476 3395 feci,
495 3327 666 3401 pro-lpteres
681 3326 757 3395 qubd
777 3324 974 3380 annotationes
993 3327 1088 3380 essent
1105 3325 1250 3397 asscriptae

96 3404 218 3478 iar-lgini
240 3405 270 3459 in
294 3408 415 3474 quatuor
443 3406 587 3461 codicibus
610 3405 771 3476 Blandinijs
799 3405 859 3459 sine
887 3405 1027 3479 alicu-{ius
1056 3406 1179 3461 auctoris
1203 3424 1251 3462 no-

100 3485 161 3555 ine,
181 3502 238 3554 qua
255 3486 350 3555 gratia
368 3504 424 3540 non
442 3504 532 3557 parua
548 3486 727 3559 su·{spicione
743 3502 870 3555 moneor,
889 3488 920 3540 vt
937 3485 1060 3540 iudicem
1079 3486 1131 3540 has
1149 3503 1183 3541 ex
1201 3505 1249 3542 va·

96 3566 121 3636 js
147 3564 420 3638 com-{mentatorum
446 3565 529 3621 dictis
553 3564 577 3619 ds
601 3566 749 3636 sententrjs
773 3582 834 3620 esse
859 3567 963 3635 sartae,
987 3584 1049 3634 quae
1074 3565 1130 3621 nisi
1148 3566 1247 3623 habito

96 3644 182 3700 ‚eliori
201 3644 354 3714 exemplari
373 3645 512 3715 distingui
529 3663 585 3701 non
603 3646 757 3720 po-{terunt
775 3648 826 3700 sut
845 3645 958 3699 secerni.
997 3645 1075 3701 Vale.

453 3952 487 4028 Q.
507 3949 691 4016 HORATII
715 3950 866 4018 Fuscos

357 4073 585 4129 CARMINVM
608 4074 736 4129 LIBER
759 4074 960 4141 QVARTVS.

161 4188 203 4237 10.
223 4200 250 4251 p.
262 4186 303 4237 19.
332 4182 487 4252 Purpurcis
505 4183 568 4237 oles.
596 4181 643 4236 hic
656 4182 735 4237 locus
750 4182 798 4236 diu
814 4181 1010 4254 mul-ttsimque
1026 4182 1096 4236 mihi
1110 4182 1246 4238 molestus

96 4261 136 4318 sit.
174 4261 299 4316 Primiim
323 4261 443 4317 lectione
466 4262 540 4316 banc
563 4263 729 4317 seruandam
753 4262 866 4317 omnino
889 4279 945 4317 non
964 4261 1107 4334 dubitaui,
1131 4264 1246 4319 &com-

163 4444 190 4512 1)
208 4439 341 4496 crambes
359 4457 428 4498 corr.
444 4459 472 4511 p.
489 4447 540 4495 144
613 4443 639 4510 2)
658 4485 665 4511 ,
684 4442 735 4497 det.
751 4460 780 4513 p.
796 4446 856 4497 144.
