2866 5016
131 317 196 380 348
500 313 692 371 axonam
711 312 933 379 CRVQVIANA.

130 484 241 534 centum
259 477 345 545 foliis,
363 475 518 546 inuentam,
537 478 569 531 vt
586 475 636 545 ait,
654 475 685 530 in
698 473 846 548 anti-lquie
860 473 1031 544 quibnedam
1044 471 1135 530 libris.
1162 473 1218 546 ligo
1229 476 1281 529 ml

131 556 161 612 in
175 556 241 610 vilis
256 559 307 611 aut
321 555 455 627 scrip-{tiu
470 560 520 612 aut
534 556 598 610 aliia
613 573 677 612 eam
690 573 747 611 non
765 554 897 627 comperi.
926 555 1018 620 Quare
1032 553 1130 610 omniu
1147 552 1282 626 con-laena

131 636 259 692 codicum
279 653 349 705 quoe
369 636 464 691 videre
483 636 611 706 contigit,
629 636 703 692 hanc
720 639 819 692 noctua
836 635 1005 691 seruandum
1023 651 1133 693 ceneeo.

222 715 303 771 124.
322 721 419 786 pet!
455 716 600 772 Postremo
627 716 717 772 nimia
739 717 821 786 quusi
849 715 1053 771 lamentatione
1081 715 1112 770 ia
1138 714 1282 785 defatigato,

132 797 204 851 miro
223 796 343 852 artificio
362 797 584 853 consolationem
602 801 698 869 parat,
717 799 763 854 rel
778 796 873 865 Muea,
892 799 925 852 vt
942 795 1024 851 aiunt
1042 796 1168 866 quidam,
1184 795 1226 850 rel
1240 796 1282 852 Ho-

132 876 236 947 ratius,
261 877 288 932 ei
306 877 422 946 quidem
440 879 649 951 coucedeu-{do
673 878 841 946 Quintilium
860 880 945 946 quiam
962 876 1032 947 ipsi,
1055 875 1218 932 debiliorem
1236 893 1282 932 erce

132 957 270 1032 nemi-ini,
288 958 338 1012 uod
356 958 387 1013 id
405 958 551 1013 ferendum
570 975 640 1027 esee,
659 960 735 1029 quod
753 958 837 1013 uliter
854 956 916 1013 ueri
932 956 1039 1026 nequit
1072 957 1148 1012 hanc
1165 957 1283 1013 sonuum

130 1038 291 1094 desiderare
305 1038 437 1093 videntur
450 1038 713 1114 interpunctio-ineo
727 1040 847 1112 abrupte
861 1040 919 1093 tam
934 1036 964 1092 in
979 1037 1093 1108 scriptia
1111 1054 1197 1092 manu
1211 1037 1282 1105 libris,

131 1122 217 1189 quam
240 1118 394 1193 vul-{galia
427 1118 530 1174 Verum
550 1120 620 1189 quia
641 1120 672 1175 in
694 1119 824 1176 omnibus
852 1118 965 1190 scriptia
987 1121 1150 1189 preterque
1168 1118 1282 1173 Dioaeit

129 1200 252 1271 Maldeg.
268 1199 373 1269 legitur
386 1199 524 1270 lugubris,
539 1200 569 1255 in
583 1217 651 1257 caru
664 1200 830 1274 gig-luendi,
848 1216 904 1255 non
922 1199 1038 1268 inculte,
1056 1201 1089 1254 rt
1102 1198 1173 1253 mihi
1189 1199 1281 1267 quiden

130 1280 251 1351 ridetur,
269 1279 369 1335 licebit
386 1279 440 1334 huc
458 1278 684 1351 interpunctione
702 1280 815 1350 omiura,
833 1281 894 1335 hac
913 1280 1006 1351 verba,
1030 1280 1100 1352 Quia
1113 1281 1281 1336 mucel.

130 1362 177 1418 tto.
197 1362 265 1417 dare
283 1360 410 1430 Horatio,

220 1448 245 1498 1.
264 1460 290 1512 p.
302 1439 360 1497 56¹³.
388 1443 534 1514 iuprcbrer‘a.
565 1457 661 1496 omnes
681 1439 779 1511 scripti
798 1440 917 1511 codices,
936 1442 1036 1511 praeter
1055 1439 1180 1511 Maideg.
1196 1440 1282 1495 hubert

130 1521 268 1593 lugubria,
287 1524 318 1576 vt
337 1520 376 1576 eit
393 1538 475 1576 carue
494 1520 648 1594 geni-itini,
668 1520 743 1590 quod
762 1520 785 1575 h
804 1519 834 1574 in
850 1520 950 1577 Blend.
970 1520 1120 1590 antiquiss.
1140 1521 1281 1577 ednotatun

130 1601 202 1672 vidi,
222 1603 245 1657 e
264 1601 415 1657 conueniat
437 1618 501 1656 cum
518 1607 556 1675 τῷ
575 1602 687 1670 cantur,
710 1600 742 1655 in
764 1599 838 1655 hunc
856 1600 1040 1658 sententiam:
1064 1600 1182 1656 hlium
1198 1600 1281 1671 Melpo

129 1698 223 1752 mene,
248 1681 294 1737 cui
316 1683 399 1752 pater
421 1680 502 1736 dedit
524 1698 586 1737 cum
610 1680 721 1737 cithara
742 1696 840 1736 vocem
863 1680 1016 1752 liquidam,
1038 1680 1161 1752 precipe
1181 1681 1239 1750 quir
1256 1679 1283 1732 rit

130 1763 230 1817 modus
255 1764 355 1817 cantus
377 1761 519 1832 lugubris,
543 1760 696 1832 desiderio,
719 1760 825 1830 idest,
848 1762 884 1816 ad
904 1761 1124 1817 desiderandum
1142 1764 1201 1817 tam
1216 1760 1283 1830 caput

131 1859 237 1913 curum,
255 1842 285 1897 id
305 1846 361 1913 eut,
381 1841 510 1898 amicum.
546 1841 600 1896 hoc
618 1845 674 1911 eet,
694 1840 763 1896 doce
782 1842 890 1909 quantu
909 1841 1010 1896 deceat
1027 1841 1157 1897 modeste
1174 1841 1283 1912 lugendo,

132 1922 294 1978 desiderare
313 1922 442 1979 amicum.

220 2010 244 2058 9.
273 2004 304 2058 τὸ
323 2003 413 2075 bonis,
432 2003 540 2059 habent
558 2001 654 2058 omnia
667 2000 781 2072 scripta,
799 2018 856 2057 uon
870 2000 938 2071 etia,
957 2000 1128 2073 etquidem,
1147 2005 1179 2057 vt
1195 1999 1284 2072 vulgat

130 2082 249 2139 codices.

220 2169 261 2219 13.
280 2183 308 2235 p.
319 2160 377 2219 dub.
407 2164 481 2234 Quid
498 2166 524 2220 oi
545 2163 678 2220 Threicio.
749 2163 870 2236 ll(p.t⁷⁸)
884 2163 916 2216 ln
934 2161 1038 2217 omnib’
1056 2163 1224 2235 manuscrip.
1240 2178 1284 2235 pre

129 2245 231 2313 terqua
244 2243 327 2300 Mart.
338 2243 451 2316 legitur,
473 2245 547 2316 Quid
564 2246 590 2299 ei
609 2245 688 2300 Ttrc.
720 2241 842 2312 Deinde,
861 2261 928 2299 uam
944 2260 1024 2300 cane
1041 2261 1079 2301 rc.
1108 2240 1192 2300 Mart
1210 2248 1285 2298 auten

130 2323 258 2394 sequitur
279 2325 425 2396 vulgatos,
447 2327 531 2395 puta,
556 2324 636 2395 Quod
658 2326 697 2393 ei,
716 2324 763 2379 hc.
791 2322 912 2396 Deinde,
931 2341 988 2381 non
1005 2342 1086 2382 cauo
1103 2343 1140 2381 re.
1168 2324 1285 2394 Eouiden

130 2404 297 2459 crediderim
316 2405 475 2476 legendum,
497 2404 551 2475 Qui
569 2406 595 2458 ei
610 2404 692 2460 Tire.
711 2403 759 2460 duc.
866 2410 868 2414 ’

219 2485 235 2539 1
249 2484 298 2553 25,
310 2490 334 2540 2.
353 2502 380 2554 p.
391 2488 449 2538 58⁸.
477 2485 577 2539 ictibus
591 2485 700 2540 arbua.
728 2500 825 2540 omnes
840 2484 921 2556 scrip.
936 2485 1044 2541 hebent
1057 2484 1191 2557 iactibus,
1205 2488 1286 2558 prater

129 2563 228 2634 Diuaei,
247 2565 296 2633 qui
314 2563 442 2633 sequitur
459 2563 606 2633 vulgatam
624 2563 784 2633 lectionem,

220 2651 244 2702 ὅ,
281 2647 383 2713 facilia
425 2643 466 2698 uic
492 2642 600 2698 habent
624 2643 724 2701 Bland.
753 2662 823 2714 quoe
852 2662 960 2715 aequor.
998 2645 1063 2717 alij,
1090 2646 1202 2703 facileia
1211 2648 1242 2718 ¹),
1263 2650 1288 2700 ci

130 2725 261 2796 vulgatis.

219 2807 236 2861 I
255 2805 304 2877 27,
315 2811 339 2860 9.
359 2823 385 2873 p.
396 2810 452 2860 61⁸.
488 2805 572 2861 uultis
589 2806 685 2860 seueri.
776 2805 847 2860 Sunt
866 2805 990 2874 quinon
1009 2801 1234 2878 ἔρωτηματικῶς,
1253 2804 1289 2859 red

134 2903 168 2941 ex
181 2884 332 2955 hypothesi
346 2885 405 2939 haec
420 2883 498 2939 dicte
516 2883 689 2956 uec-lcipiunt,
707 2883 824 2955 perinde
843 2886 902 2940 acsi
921 2886 1011 2956 dicat,
1032 2887 1059 2941 ai
1076 2888 1172 2943 velitis
1191 2905 1234 2943 me
1249 2886 1291 2939 rut

131 2966 296 3038 vo-lbiecum
315 2968 414 3035 potare
429 2966 452 3018 tt
465 2982 521 3019 non
536 2964 624 3034 abire,
642 2964 758 3019 valeant
776 2964 877 3034 iurgia,
895 2966 991 3022 valcat
1009 2966 1157 3039 clamoren,
1176 2970 1198 3023 u
1216 2966 1290 3022 saecu

131 3063 262 3115 agamus,
281 3046 327 3101 icc.
365 3047 463 3099 verium
481 3048 512 3100 vt
528 3045 603 3100 hanc
621 3050 657 3099 no
680 3043 791 3115 reiicio,
814 3047 856 3100 ita
880 3045 967 3101 aliam
990 3063 1024 3102 ex
1044 3047 1159 3117 scriptia
1183 3045 1291 3116 antiquis

131 3126 329 3195 apponendam
348 3125 452 3180 cenaui.

222 3210 264 3260 18.
282 3224 309 3274 p.
321 3205 378 3262 61¹³.
416 3222 512 3260 omnes
535 3221 605 3274 quoe
628 3204 687 3259 vidi
711 3205 809 3276 scripti
827 3205 876 3262 lib.
895 3205 1017 3279 habent,
1036 3208 1083 3263 ha.
1102 3211 1207 3278 praeter
1223 3223 1291 3261 vnun

131 3285 230 3339 Bleud.
252 3285 281 3338 in
304 3303 359 3353 quo
383 3285 518 3355 seriptum
537 3287 593 3354 est,
618 3285 663 3341 ah.
682 3285 806 3341 sednon
825 3287 885 3341 eine
904 3286 999 3342 litura.
1038 3288 1061 3342 tc
1080 3289 1151 3357 quia
1169 3289 1228 3344 haee
1245 3302 1293 3356 que

131 3364 293 3437 tracta-itur
306 3365 446 3420 amatoria
461 3366 534 3435 eunt,
553 3365 650 3421 iocosa
663 3365 687 3420 du
700 3365 818 3435 ludicra,
837 3383 889 3421 nec
902 3366 1024 3422 multhm
1043 3367 1178 3439 dolenda,
1197 3370 1295 3424 secutur

132 3463 192 3502 eum
213 3445 319 3515 scripta
337 3445 456 3514 potiore.

222 3533 264 3581 19.
293 3524 359 3581 Cod.
373 3524 474 3581 Bland.
488 3525 631 3581 vetustius.
651 3542 714 3581 cum
730 3526 891 3595 Muldeghe.
906 3527 929 3581 tt
944 3527 1001 3582 alio
1015 3527 1179 3600 Blandinio,
1193 3528 1295 3589 habat

133 3607 294 3675 laborabas,
313 3622 382 3675 quos
396 3624 452 3661 non
467 3624 528 3660 eum
543 3606 676 3678 ee-lcutue
690 3608 805 3675 propter
818 3606 1025 3663 incommodam
1040 3609 1222 3665 sententiam.
1249 3605 1294 3676 Alij

132 3687 191 3742 fere
210 3703 306 3742 omnes
325 3685 433 3740 habent
451 3686 601 3756 laborav),
621 3686 680 3741 uine
698 3685 888 3759 prepositione
907 3687 944 3742 in.

222 3774 263 3821 24.
283 3784 310 3834 p.
322 3771 378 3819 62⁸.
408 3764 566 3838 chimerae
580 3767 685 3836 legitur
697 3767 728 3822 iu
745 3768 876 3822 omnibus
895 3767 1008 3837 scriptia
1027 3786 1091 3837 quae
1108 3774 1224 3826 aeoutue
1237 3786 1296 3838 eun,

222 3845 306 3915 128,
322 3849 363 3900 18.
390 3864 416 3913 p.
432 3842 489 3900 641'⁸
527 3848 643 3901 atridam
669 3865 751 3904 more.
788 3864 884 3902 omnes
912 3847 961 3903 lib.
985 3847 1086 3918 scripti
1119 3849 1161 3904 eie
1193 3850 1296 3916 habent,

132 3927 254 3998 pra-{ter
272 3925 321 3980 Sil.
341 3924 389 3992 qui
407 3923 495 3979 habet
512 3926 634 3994 pauidis.

224 4012 264 4060 19.
283 4007 365 4060 crista
382 4021 477 4060 oerucm
495 4022 529 4060 oc
546 4007 605 4061 iau.
624 4009 650 4062 d.
678 4008 832 4062 densentur
849 4007 957 4062 habent
974 4014 999 4064 4.
1016 4008 1077 4063 cod.
1092 4008 1196 4064 Bland.
1211 4008 1241 4063 id
1253 4009 1297 4073 ert,

133 4085 346 4153 conglobentur,
366 4084 388 4136 dc
408 4083 467 4138 aine
486 4083 597 4138 delectu
616 4086 780 4142 cumulatim
798 4085 963 4141 moriuntur.

222 4169 264 4218 30.
283 4182 310 4233 p.
326 4169 381 4219 66⁸.
418 4164 543 4234 eiecticia.
567 4168 618 4220 aut
635 4166 867 4239 inter-{rogatiue,
886 4170 917 4220 vt
935 4166 1016 4223 Blae.
1036 4167 1090 4241 hec
1109 4167 1215 4237 legede
1234 4168 1298 4234 eunt,

134 4243 284 4312 negligir⁴)
303 4242 488 4314 comitltere?
524 4243 692 4313 vilipendis
715 4264 814 4301 nocere
833 4247 952 4317 posteris
971 4247 1028 4302 tuis
1051 4248 1107 4303 hoc
1131 4245 1298 4321 eope-iliendi

223 4386 249 4449 1)
267 4382 364 4436 faciles
384 4385 440 4438 eod.
462 4384 539 4438 Gerr.
630 4390 656 4453 1)
675 4387 787 4443 laboras
806 4392 863 4445 cod.
885 4389 963 4446 Oorr.
1055 4392 1084 4460 3)
1104 4389 1231 4446 chimera
1247 4389 1298 4446 cod.

135 4456 212 4512 Oorr.
285 4457 312 4522 4)
331 4452 474 4522 neglegis?
492 4456 550 4510 cod.
571 4454 647 4512 Corr.
