<?xml version="1.0" encoding="UTF-8"?>
<!DOCTYPE html PUBLIC "-//W3C//DTD XHTML 1.0 Transitional//EN"
    "http://www.w3.org/TR/xhtml1/DTD/xhtml1-transitional.dtd">
<html xmlns="http://www.w3.org/1999/xhtml" xml:lang="en" lang="en">
 <head>
  <title>
</title>
<meta http-equiv="Content-Type" content="text/html;charset=utf-8" />
  <meta name='ocr-system' content='tesseract 3.04.00' />
  <meta name='ocr-capabilities' content='ocr_page ocr_carea ocr_par ocr_line ocrx_word'/>
</head>
<body>
  <div class='ocr_page' id='page_1' title='image "./opera00holdgoog_0028.png"; bbox 0 0 2866 5016; ppageno 0'>
   <div class='ocr_carea' id='block_1_1' title="bbox 559 320 1261 405">
    <p class='ocr_par' dir='ltr' id='par_1_1' title="bbox 559 320 1261 405">
     <span class='ocr_line' id='line_1_1' title="bbox 559 320 1261 405; baseline 0.003 -30"><span class='ocrx_word' id='word_1_1' title='bbox 559 320 776 405; x_wconf 72' lang='lat' dir='ltr'><strong>euasurus.</strong></span> <span class='ocrx_word' id='word_1_2' title='bbox 1173 321 1261 377; x_wconf 82' lang='lat' dir='ltr'><strong>xxm</strong></span> 
     </span>
    </p>
   </div>
   <div class='ocr_carea' id='block_1_2' title="bbox 75 489 1261 925">
    <p class='ocr_par' dir='ltr' id='par_1_2' title="bbox 75 489 1261 656">
     <span class='ocr_line' id='line_1_2' title="bbox 75 489 1261 570; baseline 0.003 -22"><span class='ocrx_word' id='word_1_3' title='bbox 75 508 145 550; x_wconf 92' lang='lat' dir='ltr'><strong>non</strong></span> <span class='ocrx_word' id='word_1_4' title='bbox 173 489 310 550; x_wconf 79' lang='lat' dir='ltr'><strong>cultioris</strong></span> <span class='ocrx_word' id='word_1_5' title='bbox 337 489 451 570; x_wconf 77' lang='lat' dir='ltr'><strong>ingenii</strong></span> <span class='ocrx_word' id='word_1_6' title='bbox 478 489 570 551; x_wconf 88' lang='lat' dir='ltr'><strong>fnisse</strong></span> <span class='ocrx_word' id='word_1_7' title='bbox 596 491 702 551; x_wconf 89' lang='lat' dir='ltr'><strong>multis</strong></span> <span class='ocrx_word' id='word_1_8' title='bbox 723 490 797 552; x_wconf 90' lang='lat' dir='ltr'><strong>loois</strong></span> <span class='ocrx_word' id='word_1_9' title='bbox 819 491 980 552; x_wconf 88' lang='lat' dir='ltr'><strong>uerborum</strong></span> <span class='ocrx_word' id='word_1_10' title='bbox 1004 492 1055 552; x_wconf 92' lang='lat' dir='ltr'><strong>uel</strong></span> <span class='ocrx_word' id='word_1_11' title='bbox 1077 491 1261 569; x_wconf 76' lang='lat' dir='ltr'><strong>syllabarum</strong></span> 
     </span>
     <span class='ocr_line' id='line_1_3' title="bbox 79 578 656 656; baseline 0.003 -18"><span class='ocrx_word' id='word_1_12' title='bbox 79 578 235 640; x_wconf 86' lang='lat' dir='ltr'><strong>diuisione</strong></span> <span class='ocrx_word' id='word_1_13' title='bbox 257 580 400 640; x_wconf 83' lang='lat' dir='ltr'><strong>doeemur</strong></span> <span class='ocrx_word' id='word_1_14' title='bbox 420 578 656 656; x_wconf 88' lang='lat' dir='ltr'><strong>peruersissima.</strong></span> 
     </span>
    </p>

    <p class='ocr_par' dir='ltr' id='par_1_3' title="bbox 77 661 1261 925">
     <span class='ocr_line' id='line_1_4' title="bbox 172 661 1260 748; baseline 0.006 -21"><span class='ocrx_word' id='word_1_15' title='bbox 172 661 208 728; x_wconf 66' lang='lat' dir='ltr'><strong>B‘</strong></span> <span class='ocrx_word' id='word_1_16' title='bbox 225 672 258 728; x_wconf 88' lang='lat' dir='ltr'><strong>et</strong></span> <span class='ocrx_word' id='word_1_17' title='bbox 275 668 311 745; x_wconf 97' lang='lat' dir='ltr'><strong>A,</strong></span> <span class='ocrx_word' id='word_1_18' title='bbox 329 671 361 728; x_wconf 85' lang='lat' dir='ltr'><strong>et</strong></span> <span class='ocrx_word' id='word_1_19' title='bbox 378 661 413 727; x_wconf 85' lang='lat' dir='ltr'><strong>B&#39;</strong></span> <span class='ocrx_word' id='word_1_20' title='bbox 428 671 459 728; x_wconf 89' lang='lat' dir='ltr'><strong>et</strong></span> <span class='ocrx_word' id='word_1_21' title='bbox 476 669 504 728; x_wconf 84' lang='lat' dir='ltr'><strong>It</strong></span> <span class='ocrx_word' id='word_1_22' title='bbox 522 669 632 728; x_wconf 90' lang='lat' dir='ltr'><strong>mirum</strong></span> <span class='ocrx_word' id='word_1_23' title='bbox 651 673 800 747; x_wconf 89' lang='lat' dir='ltr'><strong>quantum</strong></span> <span class='ocrx_word' id='word_1_24' title='bbox 813 668 892 730; x_wconf 88' lang='lat' dir='ltr'><strong>inter</strong></span> <span class='ocrx_word' id='word_1_25' title='bbox 906 687 937 730; x_wconf 90' lang='lat' dir='ltr'><strong>se</strong></span> <span class='ocrx_word' id='word_1_26' title='bbox 951 669 1124 746; x_wconf 80' lang='lat' dir='ltr'><strong>oohaerent3</strong></span> <span class='ocrx_word' id='word_1_27' title='bbox 1143 670 1174 729; x_wconf 92' lang='lat' dir='ltr'><strong>in</strong></span> <span class='ocrx_word' id='word_1_28' title='bbox 1189 690 1215 730; x_wconf 92' lang='lat' dir='ltr'><strong>a.</strong></span> <span class='ocrx_word' id='word_1_29' title='bbox 1231 692 1260 748; x_wconf 87' lang='lat' dir='ltr'><strong>p.</strong></span> 
     </span>
     <span class='ocr_line' id='line_1_5' title="bbox 77 756 1261 837; baseline 0.004 -20"><span class='ocrx_word' id='word_1_30' title='bbox 77 756 178 818; x_wconf 87' lang='lat' dir='ltr'><strong>etiarn</strong></span> <span class='ocrx_word' id='word_1_31' title='bbox 201 759 226 817; x_wconf 92' lang='lat' dir='ltr'><strong>B</strong></span> <span class='ocrx_word' id='word_1_32' title='bbox 249 759 281 817; x_wconf 86' lang='lat' dir='ltr'><strong>et</strong></span> <span class='ocrx_word' id='word_1_33' title='bbox 303 757 339 816; x_wconf 91' lang='lat' dir='ltr'><strong>V.</strong></span> <span class='ocrx_word' id='word_1_34' title='bbox 385 756 443 817; x_wconf 79' lang='lat' dir='ltr'><strong>Sed</strong></span> <span class='ocrx_word' id='word_1_35' title='bbox 467 761 537 818; x_wconf 87' lang='lat' dir='ltr'><strong>ante</strong></span> <span class='ocrx_word' id='word_1_36' title='bbox 561 758 662 818; x_wconf 89' lang='lat' dir='ltr'><strong>omnia</strong></span> <span class='ocrx_word' id='word_1_37' title='bbox 687 758 820 819; x_wconf 83' lang='lat' dir='ltr'><strong>oodexC</strong></span> <span class='ocrx_word' id='word_1_38' title='bbox 844 758 1053 821; x_wconf 82' lang='lat' dir='ltr'><strong>describendus</strong></span> <span class='ocrx_word' id='word_1_39' title='bbox 1071 762 1125 837; x_wconf 78' lang='lat' dir='ltr'><strong>est,</strong></span> <span class='ocrx_word' id='word_1_40' title='bbox 1149 760 1261 837; x_wconf 89' lang='lat' dir='ltr'><strong>quippo</strong></span> 
     </span>
     <span class='ocr_line' id='line_1_6' title="bbox 79 839 1259 925; baseline 0.003 -19"><span class='ocrx_word' id='word_1_41' title='bbox 79 846 167 924; x_wconf 89' lang='lat' dir='ltr'><strong>quod</strong></span> <span class='ocrx_word' id='word_1_42' title='bbox 190 866 226 907; x_wconf 87' lang='lat' dir='ltr'><strong>ex</strong></span> <span class='ocrx_word' id='word_1_43' title='bbox 248 847 274 905; x_wconf 93' lang='lat' dir='ltr'>B</span> <span class='ocrx_word' id='word_1_44' title='bbox 299 849 330 906; x_wconf 89' lang='lat' dir='ltr'><strong>et</strong></span> <span class='ocrx_word' id='word_1_45' title='bbox 352 844 375 907; x_wconf 88' lang='grc'><strong>0</strong></span> <span class='ocrx_word' id='word_1_46' title='bbox 398 839 432 906; x_wconf 87' lang='lat' dir='ltr'><strong>B‘</strong></span> <span class='ocrx_word' id='word_1_47' title='bbox 456 847 579 907; x_wconf 83' lang='lat' dir='ltr'><strong>formari</strong></span> <span class='ocrx_word' id='word_1_48' title='bbox 601 850 710 925; x_wconf 83' lang='lat' dir='ltr'><strong>potest.</strong></span> <span class='ocrx_word' id='word_1_49' title='bbox 756 848 801 908; x_wconf 91' lang='lat' dir='ltr'><strong>De</strong></span> <span class='ocrx_word' id='word_1_50' title='bbox 824 868 904 909; x_wconf 86' lang='lat' dir='ltr'><strong>nexu</strong></span> <span class='ocrx_word' id='word_1_51' title='bbox 926 847 1063 909; x_wconf 85' lang='lat' dir='ltr'><strong>oodioum</strong></span> <span class='ocrx_word' id='word_1_52' title='bbox 1081 843 1115 907; x_wconf 92' lang='lat' dir='ltr'><strong>B&#39;</strong></span> <span class='ocrx_word' id='word_1_53' title='bbox 1134 853 1165 909; x_wconf 92' lang='lat' dir='ltr'><strong>et</strong></span> <span class='ocrx_word' id='word_1_54' title='bbox 1183 850 1210 908; x_wconf 84' lang='lat' dir='ltr'><strong>R</strong></span> <span class='ocrx_word' id='word_1_55' title='bbox 1227 849 1259 909; x_wconf 92' lang='lat' dir='ltr'><strong>in</strong></span> 
     </span>
    </p>
   </div>
   <div class='ocr_carea' id='block_1_3' title="bbox 79 930 1260 1036">
    <p class='ocr_par' dir='ltr' id='par_1_4' title="bbox 79 930 1260 1036">
     <span class='ocr_line' id='line_1_7' title="bbox 79 930 1260 1036; baseline 0.001 -22"><span class='ocrx_word' id='word_1_56' title='bbox 79 954 244 1015; x_wconf 73' lang='lat' dir='ltr'><strong>mactando</strong></span> <span class='ocrx_word' id='word_1_57' title='bbox 268 953 370 1014; x_wconf 88' lang='lat' dir='ltr'><strong>ordine</strong></span> <span class='ocrx_word' id='word_1_58' title='bbox 392 930 447 1034; x_wconf 63' lang='grc' dir='ltr'><strong>ᾗ,</strong></span> <span class='ocrx_word' id='word_1_59' title='bbox 470 954 523 1013; x_wconf 92' lang='lat' dir='ltr'><strong>ubi</strong></span> <span class='ocrx_word' id='word_1_60' title='bbox 546 953 582 1015; x_wconf 93' lang='lat' dir='ltr'><strong>de</strong></span> <span class='ocrx_word' id='word_1_61' title='bbox 601 954 700 1016; x_wconf 85' lang='lat' dir='ltr'><strong>codiee</strong></span> <span class='ocrx_word' id='word_1_62' title='bbox 719 955 746 1014; x_wconf 82' lang='lat' dir='ltr'><strong>R</strong></span> <span class='ocrx_word' id='word_1_63' title='bbox 764 973 860 1017; x_wconf 89' lang='lat' dir='ltr'><strong>sermo</strong></span> <span class='ocrx_word' id='word_1_64' title='bbox 878 955 945 1034; x_wconf 90' lang='lat' dir='ltr'><strong>erit,</strong></span> <span class='ocrx_word' id='word_1_65' title='bbox 968 973 1101 1036; x_wconf 79' lang='lat' dir='ltr'><strong>agemus,</strong></span> <span class='ocrx_word' id='word_1_66' title='bbox 1125 955 1161 1016; x_wconf 88' lang='lat' dir='ltr'><strong>de</strong></span> <span class='ocrx_word' id='word_1_67' title='bbox 1181 975 1260 1016; x_wconf 87' lang='lat' dir='ltr'><strong>nexu</strong></span> 
     </span>
    </p>
   </div>
   <div class='ocr_carea' id='block_1_4' title="bbox 79 1054 872 1145">
    <p class='ocr_par' dir='ltr' id='par_1_5' title="bbox 79 1054 872 1145">
     <span class='ocr_line' id='line_1_8' title="bbox 79 1054 872 1145; baseline 0 -23"><span class='ocrx_word' id='word_1_68' title='bbox 79 1059 222 1122; x_wconf 81' lang='lat' dir='ltr'><strong>eodioum</strong></span> <span class='ocrx_word' id='word_1_69' title='bbox 243 1059 273 1120; x_wconf 87' lang='lat' dir='ltr'>A</span> <span class='ocrx_word' id='word_1_70' title='bbox 295 1063 326 1122; x_wconf 90' lang='lat' dir='ltr'><strong>et</strong></span> <span class='ocrx_word' id='word_1_71' title='bbox 348 1060 374 1121; x_wconf 93' lang='lat' dir='ltr'>B</span> <span class='ocrx_word' id='word_1_72' title='bbox 397 1059 430 1120; x_wconf 91' lang='lat' dir='ltr'><strong>iu</strong></span> <span class='ocrx_word' id='word_1_73' title='bbox 451 1059 643 1122; x_wconf 79' lang='lat' dir='ltr'><strong>describendo</strong></span> <span class='ocrx_word' id='word_1_74' title='bbox 666 1061 695 1122; x_wconf 93' lang='lat' dir='ltr'>A</span> <span class='ocrx_word' id='word_1_75' title='bbox 717 1054 794 1143; x_wconf 86' lang='lat' dir='ltr'><strong>(ord.</strong></span> <span class='ocrx_word' id='word_1_76' title='bbox 849 1056 872 1145; x_wconf 87' lang='lat'><strong>).</strong></span> 
     </span>
    </p>
   </div>
   <div class='ocr_carea' id='block_1_5' title="bbox 661 1237 684 1299">
    <p class='ocr_par' dir='ltr' id='par_1_6' title="bbox 661 1237 684 1299">
     <span class='ocr_line' id='line_1_9' title="bbox 661 1237 684 1299; baseline 0 0"><span class='ocrx_word' id='word_1_77' title='bbox 661 1237 684 1299; x_wconf 89' lang='grc'><strong>0</strong></span> 
     </span>
    </p>
   </div>
   <div class='ocr_carea' id='block_1_6' title="bbox 78 1345 1259 3457">
    <p class='ocr_par' dir='ltr' id='par_1_7' title="bbox 78 1345 1259 1960">
     <span class='ocr_line' id='line_1_10' title="bbox 172 1345 1259 1424; baseline 0.002 -18"><span class='ocrx_word' id='word_1_78' title='bbox 172 1345 195 1406; x_wconf 87' lang='grc'><strong>0</strong></span> <span class='ocrx_word' id='word_1_79' title='bbox 223 1346 286 1407; x_wconf 88' lang='lat' dir='ltr'><strong>ood.</strong></span> <span class='ocrx_word' id='word_1_80' title='bbox 313 1345 541 1407; x_wconf 84' lang='lat' dir='ltr'><strong>Ratisbouensis</strong></span> <span class='ocrx_word' id='word_1_81' title='bbox 572 1345 669 1407; x_wconf 83' lang='lat' dir='ltr'><strong>saneti</strong></span> <span class='ocrx_word' id='word_1_82' title='bbox 700 1346 927 1424; x_wconf 80' lang='lat' dir='ltr'><strong>Emmerammi,</strong></span> <span class='ocrx_word' id='word_1_83' title='bbox 959 1365 1040 1407; x_wconf 90' lang='lat' dir='ltr'><strong>nuno</strong></span> <span class='ocrx_word' id='word_1_84' title='bbox 1071 1346 1259 1409; x_wconf 78' lang='lat' dir='ltr'><strong>Monacensis</strong></span> 
     </span>
     <span class='ocr_line' id='line_1_11' title="bbox 78 1435 1258 1515; baseline 0.002 -21"><span class='ocrx_word' id='word_1_85' title='bbox 78 1435 148 1497; x_wconf 84' lang='lat' dir='ltr'><strong>Lat.</strong></span> <span class='ocrx_word' id='word_1_86' title='bbox 171 1437 287 1514; x_wconf 83' lang='grc'><strong>14685,</strong></span> <span class='ocrx_word' id='word_1_87' title='bbox 310 1436 480 1515; x_wconf 73' lang='lat' dir='ltr'>conligatus</span> <span class='ocrx_word' id='word_1_88' title='bbox 499 1454 567 1496; x_wconf 90' lang='lat' dir='ltr'><strong>oum</strong></span> <span class='ocrx_word' id='word_1_89' title='bbox 590 1435 690 1497; x_wconf 89' lang='lat' dir='ltr'><strong>oodioe</strong></span> <span class='ocrx_word' id='word_1_90' title='bbox 709 1436 743 1514; x_wconf 86' lang='lat' dir='ltr'><strong>E,</strong></span> <span class='ocrx_word' id='word_1_91' title='bbox 763 1455 853 1512; x_wconf 91' lang='lat' dir='ltr'><strong>quem</strong></span> <span class='ocrx_word' id='word_1_92' title='bbox 871 1436 1074 1512; x_wconf 84' lang='lat' dir='ltr'><strong>supplementi</strong></span> <span class='ocrx_word' id='word_1_93' title='bbox 1092 1455 1184 1498; x_wconf 86' lang='lat' dir='ltr'><strong>eausa</strong></span> <span class='ocrx_word' id='word_1_94' title='bbox 1203 1437 1258 1496; x_wconf 89' lang='lat' dir='ltr'><strong>ali-</strong></span> 
     </span>
     <span class='ocr_line' id='line_1_12' title="bbox 81 1523 1259 1603; baseline 0.001 -20"><span class='ocrx_word' id='word_1_95' title='bbox 81 1524 151 1602; x_wconf 88' lang='lat' dir='ltr'><strong>quis</strong></span> <span class='ocrx_word' id='word_1_96' title='bbox 183 1525 367 1602; x_wconf 84' lang='lat' dir='ltr'><strong>conseripsit.</strong></span> <span class='ocrx_word' id='word_1_97' title='bbox 414 1523 491 1585; x_wconf 80' lang='lat' dir='ltr'><strong>Cum</strong></span> <span class='ocrx_word' id='word_1_98' title='bbox 518 1525 598 1584; x_wconf 91' lang='lat' dir='ltr'><strong>enim</strong></span> <span class='ocrx_word' id='word_1_99' title='bbox 627 1525 719 1586; x_wconf 85' lang='lat' dir='ltr'><strong>oodex</strong></span> <span class='ocrx_word' id='word_1_100' title='bbox 748 1523 771 1584; x_wconf 88' lang='grc'><strong>0</strong></span> <span class='ocrx_word' id='word_1_101' title='bbox 798 1524 961 1601; x_wconf 79' lang='lat' dir='ltr'><strong>deperditis</strong></span> <span class='ocrx_word' id='word_1_102' title='bbox 990 1525 1108 1585; x_wconf 88' lang='lat' dir='ltr'><strong>duobus</strong></span> <span class='ocrx_word' id='word_1_103' title='bbox 1139 1529 1259 1603; x_wconf 82' lang='lat' dir='ltr'><strong>quater-</strong></span> 
     </span>
     <span class='ocr_line' id='line_1_13' title="bbox 81 1612 1258 1694; baseline 0.003 -22"><span class='ocrx_word' id='word_1_104' title='bbox 81 1612 224 1675; x_wconf 88' lang='lat' dir='ltr'><strong>nionibus</strong></span> <span class='ocrx_word' id='word_1_105' title='bbox 240 1613 385 1691; x_wconf 79' lang='lat' dir='ltr'><strong>inciperet</strong></span> <span class='ocrx_word' id='word_1_106' title='bbox 398 1633 417 1674; x_wconf 88' lang='lat' dir='ltr'><strong>a</strong></span> <span class='ocrx_word' id='word_1_107' title='bbox 431 1633 454 1675; x_wconf 90' lang='lat' dir='ltr'><strong>e.</strong></span> <span class='ocrx_word' id='word_1_108' title='bbox 470 1613 517 1672; x_wconf 89' lang='lat'><strong>111</strong></span> <span class='ocrx_word' id='word_1_109' title='bbox 531 1616 582 1693; x_wconf 97' lang='grc'><strong>26,</strong></span> <span class='ocrx_word' id='word_1_110' title='bbox 596 1617 644 1692; x_wconf 89' lang='grc'><strong>13,</strong></span> <span class='ocrx_word' id='word_1_111' title='bbox 660 1614 721 1675; x_wconf 92' lang='lat' dir='ltr'><strong>duo</strong></span> <span class='ocrx_word' id='word_1_112' title='bbox 735 1612 807 1673; x_wconf 90' lang='lat' dir='ltr'><strong>noui</strong></span> <span class='ocrx_word' id='word_1_113' title='bbox 823 1613 1035 1690; x_wconf 79' lang='lat' dir='ltr'><strong>quaterniones</strong></span> <span class='ocrx_word' id='word_1_114' title='bbox 1049 1615 1164 1675; x_wconf 86' lang='lat' dir='ltr'><strong>exarati</strong></span> <span class='ocrx_word' id='word_1_115' title='bbox 1179 1618 1258 1694; x_wconf 89' lang='lat' dir='ltr'><strong>sunt,</strong></span> 
     </span>
     <span class='ocr_line' id='line_1_14' title="bbox 79 1677 1258 1786; baseline 0.003 -24"><span class='ocrx_word' id='word_1_116' title='bbox 79 1702 130 1762; x_wconf 88' lang='lat' dir='ltr'><strong>sed</strong></span> <span class='ocrx_word' id='word_1_117' title='bbox 161 1702 296 1763; x_wconf 89' lang='lat' dir='ltr'><strong>adhibito</strong></span> <span class='ocrx_word' id='word_1_118' title='bbox 324 1677 417 1780; x_wconf 54' lang='lat' dir='ltr'><strong>pruni</strong></span> <span class='ocrx_word' id='word_1_119' title='bbox 447 1702 558 1763; x_wconf 89' lang='lat' dir='ltr'><strong>ordinis</strong></span> <span class='ocrx_word' id='word_1_120' title='bbox 588 1703 719 1779; x_wconf 88' lang='lat' dir='ltr'><strong>quodam</strong></span> <span class='ocrx_word' id='word_1_121' title='bbox 749 1702 911 1778; x_wconf 85' lang='lat' dir='ltr'><strong>exemplari</strong></span> <span class='ocrx_word' id='word_1_122' title='bbox 937 1696 1017 1786; x_wconf 68' lang='grc' dir='ltr'><strong>(Ε),</strong></span> <span class='ocrx_word' id='word_1_123' title='bbox 1052 1703 1095 1763; x_wconf 89' lang='lat' dir='ltr'><strong>sio</strong></span> <span class='ocrx_word' id='word_1_124' title='bbox 1122 1705 1258 1765; x_wconf 72' lang='lat' dir='ltr'><strong>,carmina</strong></span> 
     </span>
     <span class='ocr_line' id='line_1_15' title="bbox 81 1791 1257 1871; baseline 0.003 -22"><span class='ocrx_word' id='word_1_125' title='bbox 81 1792 199 1871; x_wconf 81' lang='lat' dir='ltr'><strong>integra</strong></span> <span class='ocrx_word' id='word_1_126' title='bbox 213 1792 330 1852; x_wconf 84' lang='lat' dir='ltr'><strong>reddita</strong></span> <span class='ocrx_word' id='word_1_127' title='bbox 350 1795 429 1852; x_wconf 90' lang='lat' dir='ltr'><strong>suut.</strong></span> <span class='ocrx_word' id='word_1_128' title='bbox 467 1791 508 1851; x_wconf 92' lang='lat' dir='ltr'><strong>Hi</strong></span> <span class='ocrx_word' id='word_1_129' title='bbox 521 1791 611 1868; x_wconf 83' lang='lat' dir='ltr'><strong>primi</strong></span> <span class='ocrx_word' id='word_1_130' title='bbox 625 1792 684 1852; x_wconf 91' lang='lat' dir='ltr'><strong>duo</strong></span> <span class='ocrx_word' id='word_1_131' title='bbox 700 1791 921 1871; x_wconf 75' lang='lat' dir='ltr'><strong>quaterniones,</strong></span> <span class='ocrx_word' id='word_1_132' title='bbox 936 1793 1018 1851; x_wconf 83' lang='lat' dir='ltr'><strong>=E</strong></span> <span class='ocrx_word' id='word_1_133' title='bbox 1035 1811 1134 1869; x_wconf 82' lang='lat' dir='ltr'><strong>earm,</strong></span> <span class='ocrx_word' id='word_1_134' title='bbox 1152 1794 1257 1855; x_wconf 76' lang='grc'><strong>10164</strong></span> 
     </span>
     <span class='ocr_line' id='line_1_16' title="bbox 80 1879 1256 1960; baseline 0.003 -20"><span class='ocrx_word' id='word_1_135' title='bbox 80 1881 166 1960; x_wconf 84' lang='lat' dir='ltr'><strong>siguo</strong></span> <span class='ocrx_word' id='word_1_136' title='bbox 191 1880 248 1940; x_wconf 90' lang='lat'><strong>·11·</strong></span> <span class='ocrx_word' id='word_1_137' title='bbox 271 1881 369 1941; x_wconf 84' lang='lat' dir='ltr'><strong>notati</strong></span> <span class='ocrx_word' id='word_1_138' title='bbox 390 1884 475 1959; x_wconf 82' lang='lat' dir='ltr'><strong>suut3</strong></span> <span class='ocrx_word' id='word_1_139' title='bbox 498 1881 550 1942; x_wconf 84' lang='lat' dir='ltr'><strong>fol.</strong></span> <span class='ocrx_word' id='word_1_140' title='bbox 571 1883 633 1960; x_wconf 77' lang='lat'><strong>71¹,</strong></span> <span class='ocrx_word' id='word_1_141' title='bbox 656 1881 710 1940; x_wconf 88' lang='lat' dir='ltr'><strong>ubi</strong></span> <span class='ocrx_word' id='word_1_142' title='bbox 728 1879 751 1942; x_wconf 87' lang='grc'><strong>0</strong></span> <span class='ocrx_word' id='word_1_143' title='bbox 770 1880 885 1959; x_wconf 83' lang='lat' dir='ltr'><strong>incipit,</strong></span> <span class='ocrx_word' id='word_1_144' title='bbox 910 1883 983 1942; x_wconf 86' lang='lat' dir='ltr'><strong>uota</strong></span> <span class='ocrx_word' id='word_1_145' title='bbox 1003 1880 1073 1940; x_wconf 91' lang='lat' dir='ltr'><strong>·III·</strong></span> <span class='ocrx_word' id='word_1_146' title='bbox 1094 1881 1256 1943; x_wconf 88' lang='lat' dir='ltr'><strong>inuenitur.</strong></span> 
     </span>
    </p>

    <p class='ocr_par' dir='ltr' id='par_1_8' title="bbox 80 1968 1258 2584">
     <span class='ocr_line' id='line_1_17' title="bbox 167 1968 1258 2050; baseline 0.002 -20"><span class='ocrx_word' id='word_1_147' title='bbox 167 1970 328 2030; x_wconf 83' lang='lat' dir='ltr'><strong>Praeterea</strong></span> <span class='ocrx_word' id='word_1_148' title='bbox 352 1968 375 2030; x_wconf 87' lang='grc'><strong>0</strong></span> <span class='ocrx_word' id='word_1_149' title='bbox 398 1971 482 2030; x_wconf 87' lang='lat' dir='ltr'><strong>extat</strong></span> <span class='ocrx_word' id='word_1_150' title='bbox 504 1989 531 2029; x_wconf 87' lang='lat' dir='ltr'><strong>a.</strong></span> <span class='ocrx_word' id='word_1_151' title='bbox 549 1991 579 2047; x_wconf 90' lang='lat' dir='ltr'><strong>p.</strong></span> <span class='ocrx_word' id='word_1_152' title='bbox 605 1972 735 2030; x_wconf 83' lang='lat'>1-440</span> <span class='ocrx_word' id='word_1_153' title='bbox 759 1972 790 2029; x_wconf 88' lang='lat' dir='ltr'><strong>et</strong></span> <span class='ocrx_word' id='word_1_154' title='bbox 812 1987 898 2030; x_wconf 87' lang='lat' dir='ltr'><strong>serm.</strong></span> <span class='ocrx_word' id='word_1_155' title='bbox 920 1969 981 2050; x_wconf 79' lang='lat'><strong>14,</strong></span> <span class='ocrx_word' id='word_1_156' title='bbox 998 1972 1136 2050; x_wconf 87' lang='grc'><strong>122-6,</strong></span> <span class='ocrx_word' id='word_1_157' title='bbox 1151 1974 1203 2031; x_wconf 87' lang='grc'><strong>40.</strong></span> <span class='ocrx_word' id='word_1_158' title='bbox 1226 1971 1258 2032; x_wconf 95' lang='grc' dir='ltr'>Π</span> 
     </span>
     <span class='ocr_line' id='line_1_18' title="bbox 81 2057 1254 2138; baseline 0.002 -20"><span class='ocrx_word' id='word_1_159' title='bbox 81 2061 333 2138; x_wconf 85' lang='grc'><strong>7,118-8,95.</strong></span> <span class='ocrx_word' id='word_1_160' title='bbox 379 2057 402 2119; x_wconf 87' lang='grc'><strong>0</strong></span> <span class='ocrx_word' id='word_1_161' title='bbox 428 2059 585 2136; x_wconf 81' lang='lat' dir='ltr'><strong>pallidiore</strong></span> <span class='ocrx_word' id='word_1_162' title='bbox 614 2061 783 2120; x_wconf 85' lang='lat' dir='ltr'><strong>atramento</strong></span> <span class='ocrx_word' id='word_1_163' title='bbox 810 2060 842 2118; x_wconf 89' lang='lat' dir='ltr'><strong>et</strong></span> <span class='ocrx_word' id='word_1_164' title='bbox 870 2059 982 2119; x_wconf 87' lang='lat' dir='ltr'><strong>litteris</strong></span> <span class='ocrx_word' id='word_1_165' title='bbox 1005 2059 1166 2120; x_wconf 83' lang='lat' dir='ltr'><strong>simillimis</strong></span> <span class='ocrx_word' id='word_1_166' title='bbox 1190 2061 1254 2138; x_wconf 92' lang='lat' dir='ltr'><strong>qui·</strong></span> 
     </span>
     <span class='ocr_line' id='line_1_19' title="bbox 80 2148 1256 2228; baseline 0.003 -20"><span class='ocrx_word' id='word_1_167' title='bbox 80 2148 153 2227; x_wconf 86' lang='lat' dir='ltr'><strong>dem,</strong></span> <span class='ocrx_word' id='word_1_168' title='bbox 172 2148 225 2208; x_wconf 85' lang='lat' dir='ltr'><strong>sod</strong></span> <span class='ocrx_word' id='word_1_169' title='bbox 243 2148 416 2226; x_wconf 88' lang='lat' dir='ltr'><strong>maioribus,</strong></span> <span class='ocrx_word' id='word_1_170' title='bbox 436 2167 528 2226; x_wconf 87' lang='lat' dir='ltr'><strong>quam</strong></span> <span class='ocrx_word' id='word_1_171' title='bbox 541 2149 576 2226; x_wconf 81' lang='grc' dir='ltr'><strong>Ε,</strong></span> <span class='ocrx_word' id='word_1_172' title='bbox 596 2152 736 2208; x_wconf 82' lang='lat' dir='ltr'><strong>exaratus</strong></span> <span class='ocrx_word' id='word_1_173' title='bbox 754 2150 813 2226; x_wconf 71' lang='lat' dir='ltr'><strong>est,</strong></span> <span class='ocrx_word' id='word_1_174' title='bbox 833 2148 863 2207; x_wconf 92' lang='lat' dir='ltr'><strong>iu</strong></span> <span class='ocrx_word' id='word_1_175' title='bbox 882 2167 1067 2227; x_wconf 88' lang='lat' dir='ltr'><strong>unaquaque</strong></span> <span class='ocrx_word' id='word_1_176' title='bbox 1086 2149 1199 2228; x_wconf 82' lang='lat' dir='ltr'><strong>pagina</strong></span> <span class='ocrx_word' id='word_1_177' title='bbox 1213 2152 1256 2212; x_wconf 80' lang='lat'><strong>40</strong></span> 
     </span>
     <span class='ocr_line' id='line_1_20' title="bbox 80 2237 1256 2316; baseline 0.003 -20"><span class='ocrx_word' id='word_1_178' title='bbox 80 2240 200 2297; x_wconf 84' lang='lat' dir='ltr'><strong>tantum</strong></span> <span class='ocrx_word' id='word_1_179' title='bbox 219 2256 324 2298; x_wconf 91' lang='lat' dir='ltr'><strong>uersus</strong></span> <span class='ocrx_word' id='word_1_180' title='bbox 343 2238 374 2296; x_wconf 91' lang='lat' dir='ltr'><strong>in</strong></span> <span class='ocrx_word' id='word_1_181' title='bbox 394 2237 522 2316; x_wconf 82' lang='lat' dir='ltr'><strong>siugulis</strong></span> <span class='ocrx_word' id='word_1_182' title='bbox 539 2237 679 2298; x_wconf 89' lang='lat' dir='ltr'><strong>binarum</strong></span> <span class='ocrx_word' id='word_1_183' title='bbox 697 2239 906 2298; x_wconf 83' lang='lat' dir='ltr'><strong>columnarum</strong></span> <span class='ocrx_word' id='word_1_184' title='bbox 924 2240 1004 2315; x_wconf 90' lang='lat' dir='ltr'><strong>suut,</strong></span> <span class='ocrx_word' id='word_1_185' title='bbox 1023 2239 1131 2298; x_wconf 74' lang='lat' dir='ltr'><strong>euml}</strong></span> <span class='ocrx_word' id='word_1_186' title='bbox 1151 2258 1256 2300; x_wconf 88' lang='lat' dir='ltr'><strong>uersus</strong></span> 
     </span>
     <span class='ocr_line' id='line_1_21' title="bbox 80 2325 1256 2405; baseline 0.003 -20"><span class='ocrx_word' id='word_1_187' title='bbox 80 2326 189 2386; x_wconf 86' lang='lat' dir='ltr'><strong>habeat</strong></span> <span class='ocrx_word' id='word_1_188' title='bbox 217 2329 367 2387; x_wconf 83' lang='grc'><strong>42-43.</strong></span> <span class='ocrx_word' id='word_1_189' title='bbox 421 2325 443 2386; x_wconf 89' lang='grc'><strong>0</strong></span> <span class='ocrx_word' id='word_1_190' title='bbox 471 2327 563 2386; x_wconf 87' lang='lat' dir='ltr'><strong>etiam</strong></span> <span class='ocrx_word' id='word_1_191' title='bbox 590 2347 625 2387; x_wconf 91' lang='lat' dir='ltr'><strong>eo</strong></span> <span class='ocrx_word' id='word_1_192' title='bbox 650 2326 687 2387; x_wconf 90' lang='lat' dir='ltr'><strong>ab</strong></span> <span class='ocrx_word' id='word_1_193' title='bbox 714 2327 739 2385; x_wconf 85' lang='lat' dir='ltr'><strong>E</strong></span> <span class='ocrx_word' id='word_1_194' title='bbox 770 2326 882 2404; x_wconf 84' lang='lat' dir='ltr'><strong>differt,</strong></span> <span class='ocrx_word' id='word_1_195' title='bbox 915 2328 997 2404; x_wconf 91' lang='lat' dir='ltr'><strong>quod</strong></span> <span class='ocrx_word' id='word_1_196' title='bbox 1025 2329 1122 2388; x_wconf 89' lang='lat' dir='ltr'><strong>multo</strong></span> <span class='ocrx_word' id='word_1_197' title='bbox 1155 2329 1256 2405; x_wconf 90' lang='lat' dir='ltr'><strong>plures</strong></span> 
     </span>
     <span class='ocr_line' id='line_1_22' title="bbox 81 2414 1255 2497; baseline 0.002 -23"><span class='ocrx_word' id='word_1_198' title='bbox 81 2416 205 2476; x_wconf 87' lang='lat' dir='ltr'><strong>alterius</strong></span> <span class='ocrx_word' id='word_1_199' title='bbox 232 2433 340 2475; x_wconf 86' lang='lat' dir='ltr'><strong>manus</strong></span> <span class='ocrx_word' id='word_1_200' title='bbox 367 2415 555 2476; x_wconf 83' lang='lat' dir='ltr'><strong>coniecturae</strong></span> <span class='ocrx_word' id='word_1_201' title='bbox 583 2419 615 2476; x_wconf 89' lang='lat' dir='ltr'><strong>et</strong></span> <span class='ocrx_word' id='word_1_202' title='bbox 641 2417 759 2494; x_wconf 79' lang='lat' dir='ltr'><strong>glossae</strong></span> <span class='ocrx_word' id='word_1_203' title='bbox 786 2415 898 2477; x_wconf 89' lang='lat' dir='ltr'><strong>insunt.</strong></span> <span class='ocrx_word' id='word_1_204' title='bbox 945 2414 984 2476; x_wconf 82' lang='grc'><strong>02</strong></span> <span class='ocrx_word' id='word_1_205' title='bbox 1013 2415 1174 2477; x_wconf 87' lang='lat' dir='ltr'><strong>deterrima</strong></span> <span class='ocrx_word' id='word_1_206' title='bbox 1201 2421 1255 2497; x_wconf 88' lang='lat' dir='ltr'><strong>est,</strong></span> 
     </span>
     <span class='ocr_line' id='line_1_23' title="bbox 80 2504 686 2584; baseline 0.003 -20"><span class='ocrx_word' id='word_1_207' title='bbox 80 2505 113 2565; x_wconf 84' lang='lat' dir='ltr'><strong>of.</strong></span> <span class='ocrx_word' id='word_1_208' title='bbox 131 2506 237 2579; x_wconf 73' lang='lat' dir='ltr'><strong>pellas</strong></span> <span class='ocrx_word' id='word_1_209' title='bbox 258 2524 312 2581; x_wconf 91' lang='lat' dir='ltr'><strong>pro</strong></span> <span class='ocrx_word' id='word_1_210' title='bbox 330 2505 437 2580; x_wconf 72' lang='lat' dir='ltr'><strong>paelex</strong></span> <span class='ocrx_word' id='word_1_211' title='bbox 459 2524 484 2564; x_wconf 89' lang='lat' dir='ltr'><strong>e.</strong></span> <span class='ocrx_word' id='word_1_212' title='bbox 507 2504 554 2563; x_wconf 93' lang='grc' dir='ltr'><strong>ΠΙ</strong></span> <span class='ocrx_word' id='word_1_213' title='bbox 569 2507 620 2584; x_wconf 92' lang='grc'><strong>27,</strong></span> <span class='ocrx_word' id='word_1_214' title='bbox 636 2507 686 2567; x_wconf 88' lang='grc'><strong>66.</strong></span> 
     </span>
    </p>

    <p class='ocr_par' dir='ltr' id='par_1_9' title="bbox 79 2591 1255 2851">
     <span class='ocr_line' id='line_1_24' title="bbox 165 2591 1251 2675; baseline 0.003 -22"><span class='ocrx_word' id='word_1_215' title='bbox 165 2593 200 2653; x_wconf 85' lang='lat' dir='ltr'><strong>Si</strong></span> <span class='ocrx_word' id='word_1_216' title='bbox 222 2594 360 2654; x_wconf 88' lang='lat' dir='ltr'><strong>ordinum</strong></span> <span class='ocrx_word' id='word_1_217' title='bbox 383 2593 514 2654; x_wconf 87' lang='lat' dir='ltr'><strong>indolem</strong></span> <span class='ocrx_word' id='word_1_218' title='bbox 532 2596 662 2673; x_wconf 81' lang='lat' dir='ltr'><strong>spectas,</strong></span> <span class='ocrx_word' id='word_1_219' title='bbox 685 2591 708 2654; x_wconf 90' lang='grc'><strong>0</strong></span> <span class='ocrx_word' id='word_1_220' title='bbox 726 2594 904 2671; x_wconf 90' lang='lat' dir='ltr'><strong>plerumque</strong></span> <span class='ocrx_word' id='word_1_221' title='bbox 923 2594 1045 2654; x_wconf 82' lang='lat' dir='ltr'><strong>secundi</strong></span> <span class='ocrx_word' id='word_1_222' title='bbox 1066 2594 1178 2655; x_wconf 86' lang='lat' dir='ltr'><strong>ordinis</strong></span> <span class='ocrx_word' id='word_1_223' title='bbox 1197 2600 1251 2675; x_wconf 85' lang='lat' dir='ltr'><strong>est,</strong></span> 
     </span>
     <span class='ocr_line' id='line_1_25' title="bbox 79 2682 1255 2763; baseline 0.002 -21"><span class='ocrx_word' id='word_1_224' title='bbox 79 2683 226 2742; x_wconf 87' lang='lat' dir='ltr'><strong>artissime</strong></span> <span class='ocrx_word' id='word_1_225' title='bbox 254 2701 383 2744; x_wconf 87' lang='lat' dir='ltr'><strong>oouexus</strong></span> <span class='ocrx_word' id='word_1_226' title='bbox 406 2701 475 2742; x_wconf 90' lang='lat' dir='ltr'><strong>oum</strong></span> <span class='ocrx_word' id='word_1_227' title='bbox 499 2682 534 2762; x_wconf 95' lang='grc' dir='ltr'><strong>Β,</strong></span> <span class='ocrx_word' id='word_1_228' title='bbox 558 2683 589 2742; x_wconf 91' lang='lat' dir='ltr'><strong>in</strong></span> <span class='ocrx_word' id='word_1_229' title='bbox 615 2683 801 2744; x_wconf 87' lang='lat' dir='ltr'><strong>sermonibus</strong></span> <span class='ocrx_word' id='word_1_230' title='bbox 825 2703 895 2743; x_wconf 88' lang='lat' dir='ltr'><strong>oum</strong></span> <span class='ocrx_word' id='word_1_231' title='bbox 919 2703 954 2763; x_wconf 68' lang='lat'><strong>33</strong></span> <span class='ocrx_word' id='word_1_232' title='bbox 978 2685 1136 2761; x_wconf 86' lang='lat' dir='ltr'><strong>tamquam</strong></span> <span class='ocrx_word' id='word_1_233' title='bbox 1161 2685 1255 2745; x_wconf 87' lang='lat' dir='ltr'><strong>frater</strong></span> 
     </span>
     <span class='ocr_line' id='line_1_26' title="bbox 79 2770 823 2851; baseline 0.003 -21"><span class='ocrx_word' id='word_1_234' title='bbox 79 2773 126 2832; x_wconf 93' lang='lat' dir='ltr'><strong>uel</strong></span> <span class='ocrx_word' id='word_1_235' title='bbox 148 2772 231 2831; x_wconf 86' lang='lat' dir='ltr'><strong>filius</strong></span> <span class='ocrx_word' id='word_1_236' title='bbox 253 2772 352 2851; x_wconf 81' lang='lat' dir='ltr'><strong>ignoti</strong></span> <span class='ocrx_word' id='word_1_237' title='bbox 374 2770 429 2831; x_wconf 90' lang='lat' dir='ltr'><strong>filii</strong></span> <span class='ocrx_word' id='word_1_238' title='bbox 451 2771 561 2832; x_wconf 89' lang='lat' dir='ltr'><strong>oodiois</strong></span> <span class='ocrx_word' id='word_1_239' title='bbox 584 2772 610 2832; x_wconf 94' lang='lat' dir='ltr'>B</span> <span class='ocrx_word' id='word_1_240' title='bbox 633 2772 692 2832; x_wconf 86' lang='lat' dir='ltr'><strong>diei</strong></span> <span class='ocrx_word' id='word_1_241' title='bbox 714 2774 823 2849; x_wconf 81' lang='lat' dir='ltr'><strong>potest.</strong></span> 
     </span>
    </p>

    <p class='ocr_par' dir='ltr' id='par_1_10' title="bbox 81 2860 1254 3208">
     <span class='ocr_line' id='line_1_27' title="bbox 164 2860 1254 2939; baseline 0.003 -19"><span class='ocrx_word' id='word_1_242' title='bbox 164 2861 238 2921; x_wconf 85' lang='lat' dir='ltr'><strong>Noli</strong></span> <span class='ocrx_word' id='word_1_243' title='bbox 261 2860 283 2920; x_wconf 86' lang='grc'><strong>0</strong></span> <span class='ocrx_word' id='word_1_244' title='bbox 306 2881 342 2921; x_wconf 84' lang='lat' dir='ltr'><strong>ex</strong></span> <span class='ocrx_word' id='word_1_245' title='bbox 365 2860 391 2920; x_wconf 91' lang='lat' dir='ltr'><strong>B</strong></span> <span class='ocrx_word' id='word_1_246' title='bbox 409 2860 592 2938; x_wconf 77' lang='lat' dir='ltr'><strong>descriptum</strong></span> <span class='ocrx_word' id='word_1_247' title='bbox 615 2864 735 2939; x_wconf 86' lang='lat' dir='ltr'><strong>putare,</strong></span> <span class='ocrx_word' id='word_1_248' title='bbox 757 2861 788 2920; x_wconf 93' lang='lat' dir='ltr'><strong>id</strong></span> <span class='ocrx_word' id='word_1_249' title='bbox 807 2860 888 2938; x_wconf 90' lang='lat' dir='ltr'><strong>quod</strong></span> <span class='ocrx_word' id='word_1_250' title='bbox 905 2879 975 2922; x_wconf 87' lang='lat' dir='ltr'><strong>oum</strong></span> <span class='ocrx_word' id='word_1_251' title='bbox 993 2860 1062 2920; x_wconf 90' lang='lat' dir='ltr'><strong>aliis</strong></span> <span class='ocrx_word' id='word_1_252' title='bbox 1081 2864 1148 2921; x_wconf 90' lang='lat' dir='ltr'><strong>tum</strong></span> <span class='ocrx_word' id='word_1_253' title='bbox 1165 2863 1254 2923; x_wconf 89' lang='lat' dir='ltr'><strong>uaria</strong></span> 
     </span>
     <span class='ocr_line' id='line_1_28' title="bbox 81 2948 1253 3028; baseline 0.004 -20"><span class='ocrx_word' id='word_1_254' title='bbox 81 2950 205 3011; x_wconf 82' lang='lat' dir='ltr'><strong>lectione</strong></span> <span class='ocrx_word' id='word_1_255' title='bbox 234 2948 353 3009; x_wconf 66' lang='lat' dir='ltr'><strong>lestisc</strong></span> <span class='ocrx_word' id='word_1_256' title='bbox 381 2952 457 3010; x_wconf 78' lang='lat' dir='ltr'><strong>leues</strong></span> <span class='ocrx_word' id='word_1_257' title='bbox 480 2950 506 3010; x_wconf 94' lang='lat' dir='ltr'>B</span> <span class='ocrx_word' id='word_1_258' title='bbox 534 2951 618 3027; x_wconf 89' lang='lat' dir='ltr'><strong>epod.</strong></span> <span class='ocrx_word' id='word_1_259' title='bbox 644 2954 673 3028; x_wconf 91' lang='grc'><strong>2,</strong></span> <span class='ocrx_word' id='word_1_260' title='bbox 693 2952 734 3010; x_wconf 91' lang='grc'><strong>28</strong></span> <span class='ocrx_word' id='word_1_261' title='bbox 764 2950 854 3028; x_wconf 90' lang='lat' dir='ltr'><strong>plane</strong></span> <span class='ocrx_word' id='word_1_262' title='bbox 882 2949 1020 3012; x_wconf 77' lang='lat' dir='ltr'><strong>efficitur.</strong></span> <span class='ocrx_word' id='word_1_263' title='bbox 1066 2949 1253 3013; x_wconf 81' lang='lat' dir='ltr'><strong>CodioemB</strong></span> 
     </span>
     <span class='ocr_line' id='line_1_29' title="bbox 82 3032 1253 3121; baseline 0.004 -23"><span class='ocrx_word' id='word_1_264' title='bbox 82 3043 194 3115; x_wconf 88' lang='lat' dir='ltr'><strong>patrem</strong></span> <span class='ocrx_word' id='word_1_265' title='bbox 224 3039 332 3100; x_wconf 89' lang='lat' dir='ltr'><strong>oodiois</strong></span> <span class='ocrx_word' id='word_1_266' title='bbox 363 3038 385 3098; x_wconf 88' lang='grc'><strong>0</strong></span> <span class='ocrx_word' id='word_1_267' title='bbox 416 3057 479 3099; x_wconf 91' lang='lat' dir='ltr'><strong>esse</strong></span> <span class='ocrx_word' id='word_1_268' title='bbox 509 3059 675 3117; x_wconf 88' lang='lat' dir='ltr'><strong>numquam</strong></span> <span class='ocrx_word' id='word_1_269' title='bbox 705 3039 766 3098; x_wconf 86' lang='lat' dir='ltr'><strong>dixi</strong></span> <span class='ocrx_word' id='word_1_270' title='bbox 799 3032 849 3121; x_wconf 87' lang='lat' dir='ltr'><strong>(of.</strong></span> <span class='ocrx_word' id='word_1_271' title='bbox 878 3040 925 3100; x_wconf 90' lang='lat' dir='ltr'><strong>W.</strong></span> <span class='ocrx_word' id='word_1_272' title='bbox 952 3038 1066 3116; x_wconf 82' lang='lat' dir='ltr'><strong>Christ,</strong></span> <span class='ocrx_word' id='word_1_273' title='bbox 1096 3040 1253 3104; x_wconf 88' lang='lat' dir='ltr'><strong>Horatiau.</strong></span> 
     </span>
     <span class='ocr_line' id='line_1_30' title="bbox 85 3121 966 3208; baseline 0 -19"><span class='ocrx_word' id='word_1_274' title='bbox 85 3147 110 3203; x_wconf 88' lang='lat' dir='ltr'><strong>p.</strong></span> <span class='ocrx_word' id='word_1_275' title='bbox 131 3121 198 3208; x_wconf 89' lang='grc'><strong>97),</strong></span> <span class='ocrx_word' id='word_1_276' title='bbox 221 3147 328 3189; x_wconf 91' lang='lat' dir='ltr'><strong>uerum</strong></span> <span class='ocrx_word' id='word_1_277' title='bbox 351 3128 483 3188; x_wconf 90' lang='lat' dir='ltr'><strong>oodioem</strong></span> <span class='ocrx_word' id='word_1_278' title='bbox 506 3127 529 3188; x_wconf 89' lang='grc'><strong>0</strong></span> <span class='ocrx_word' id='word_1_279' title='bbox 553 3128 698 3208; x_wconf 82' lang='lat' dir='ltr'><strong>originem</strong></span> <span class='ocrx_word' id='word_1_280' title='bbox 720 3128 847 3188; x_wconf 85' lang='lat' dir='ltr'><strong>traxisse</strong></span> <span class='ocrx_word' id='word_1_281' title='bbox 866 3148 900 3189; x_wconf 85' lang='lat' dir='ltr'><strong>ex</strong></span> <span class='ocrx_word' id='word_1_282' title='bbox 923 3122 966 3189; x_wconf 78' lang='lat' dir='ltr'><strong>B‘.</strong></span> 
     </span>
    </p>

    <p class='ocr_par' dir='ltr' id='par_1_11' title="bbox 88 3210 1253 3457">
     <span class='ocr_line' id='line_1_31' title="bbox 165 3210 1253 3295; baseline 0.004 -19"><span class='ocrx_word' id='word_1_283' title='bbox 165 3210 200 3276; x_wconf 90' lang='lat' dir='ltr'><strong>B&#39;</strong></span> <span class='ocrx_word' id='word_1_284' title='bbox 218 3216 458 3278; x_wconf 81' lang='lat' dir='ltr'><strong>uetustissimum</strong></span> <span class='ocrx_word' id='word_1_285' title='bbox 477 3220 507 3277; x_wconf 92' lang='lat' dir='ltr'><strong>et</strong></span> <span class='ocrx_word' id='word_1_286' title='bbox 525 3217 673 3295; x_wconf 88' lang='lat' dir='ltr'><strong>optimum</strong></span> <span class='ocrx_word' id='word_1_287' title='bbox 692 3237 755 3278; x_wconf 90' lang='lat' dir='ltr'><strong>esse</strong></span> <span class='ocrx_word' id='word_1_288' title='bbox 774 3218 861 3278; x_wconf 92' lang='lat' dir='ltr'><strong>modo</strong></span> <span class='ocrx_word' id='word_1_289' title='bbox 881 3218 1161 3280; x_wconf 89' lang='lat' dir='ltr'><strong>demonstrauimus.</strong></span> <span class='ocrx_word' id='word_1_290' title='bbox 1196 3220 1253 3280; x_wconf 84' lang='lat' dir='ltr'><strong>Sed</strong></span> 
     </span>
     <span class='ocr_line' id='line_1_32' title="bbox 88 3305 1251 3387; baseline 0.006 -25"><span class='ocrx_word' id='word_1_291' title='bbox 88 3305 202 3365; x_wconf 79' lang='lat' dir='ltr'><strong>Csolus</strong></span> <span class='ocrx_word' id='word_1_292' title='bbox 226 3325 346 3383; x_wconf 91' lang='lat' dir='ltr'><strong>quoque</strong></span> <span class='ocrx_word' id='word_1_293' title='bbox 369 3325 595 3384; x_wconf 89' lang='lat' dir='ltr'><strong>nonnumquam</strong></span> <span class='ocrx_word' id='word_1_294' title='bbox 620 3307 723 3387; x_wconf 83' lang='lat' dir='ltr'><strong>magni</strong></span> <span class='ocrx_word' id='word_1_295' title='bbox 745 3306 836 3384; x_wconf 91' lang='lat' dir='ltr'><strong>pretii</strong></span> <span class='ocrx_word' id='word_1_296' title='bbox 860 3309 918 3384; x_wconf 90' lang='lat' dir='ltr'><strong>est,</strong></span> <span class='ocrx_word' id='word_1_297' title='bbox 945 3309 1123 3384; x_wconf 87' lang='lat' dir='ltr'><strong>praesertim</strong></span> <span class='ocrx_word' id='word_1_298' title='bbox 1150 3309 1203 3368; x_wconf 92' lang='lat' dir='ltr'><strong>ubi</strong></span> <span class='ocrx_word' id='word_1_299' title='bbox 1226 3311 1251 3369; x_wconf 92' lang='lat' dir='ltr'><strong>B</strong></span> 
     </span>
     <span class='ocr_line' id='line_1_33' title="bbox 90 3393 836 3457; baseline 0.007 -7"><span class='ocrx_word' id='word_1_300' title='bbox 90 3393 184 3454; x_wconf 86' lang='lat' dir='ltr'><strong>deicit.</strong></span> <span class='ocrx_word' id='word_1_301' title='bbox 231 3395 321 3456; x_wconf 88' lang='lat' dir='ltr'><strong>Solus</strong></span> <span class='ocrx_word' id='word_1_302' title='bbox 343 3395 430 3455; x_wconf 83' lang='lat' dir='ltr'><strong>unice</strong></span> <span class='ocrx_word' id='word_1_303' title='bbox 454 3414 542 3456; x_wconf 87' lang='lat' dir='ltr'><strong>ueras</strong></span> <span class='ocrx_word' id='word_1_304' title='bbox 565 3396 676 3456; x_wconf 89' lang='lat' dir='ltr'><strong>formas</strong></span> <span class='ocrx_word' id='word_1_305' title='bbox 700 3396 836 3457; x_wconf 90' lang='lat' dir='ltr'><strong>seruauit</strong></span> 
     </span>
    </p>
   </div>
   <div class='ocr_carea' id='block_1_7' title="bbox 208 3518 1308 4577">
    <p class='ocr_par' dir='ltr' id='par_1_12' title="bbox 210 3518 933 3599">
     <span class='ocr_line' id='line_1_34' title="bbox 210 3518 933 3599; baseline 0.001 -21"><span class='ocrx_word' id='word_1_306' title='bbox 210 3538 234 3578; x_wconf 88' lang='lat' dir='ltr'><strong>o.</strong></span> <span class='ocrx_word' id='word_1_307' title='bbox 257 3518 320 3577; x_wconf 86' lang='lat'>1111</span> <span class='ocrx_word' id='word_1_308' title='bbox 335 3522 363 3596; x_wconf 88' lang='grc'><strong>2,</strong></span> <span class='ocrx_word' id='word_1_309' title='bbox 379 3520 418 3580; x_wconf 81' lang='grc'><strong>25</strong></span> <span class='ocrx_word' id='word_1_310' title='bbox 444 3536 565 3595; x_wconf 70' lang='lat' dir='ltr'><strong>oporam</strong></span> <span class='ocrx_word' id='word_1_311' title='bbox 588 3519 610 3579; x_wconf 91' lang='grc'><strong>0</strong></span> <span class='ocrx_word' id='word_1_312' title='bbox 634 3539 702 3580; x_wconf 89' lang='lat' dir='ltr'><strong>oum</strong></span> <span class='ocrx_word' id='word_1_313' title='bbox 725 3520 751 3580; x_wconf 95' lang='lat' dir='ltr'>B</span> <span class='ocrx_word' id='word_1_314' title='bbox 775 3537 933 3599; x_wconf 67' lang='lat' dir='ltr'><strong>supensos,</strong></span> 
     </span>
    </p>

    <p class='ocr_par' dir='ltr' id='par_1_13' title="bbox 212 3601 700 3691">
     <span class='ocr_line' id='line_1_35' title="bbox 212 3601 700 3691; baseline 0.004 -24"><span class='ocrx_word' id='word_1_315' title='bbox 212 3627 236 3667; x_wconf 86' lang='lat' dir='ltr'><strong>o.</strong></span> <span class='ocrx_word' id='word_1_316' title='bbox 259 3606 322 3666; x_wconf 94' lang='grc' dir='ltr'><strong>ΠΠ</strong></span> <span class='ocrx_word' id='word_1_317' title='bbox 336 3613 365 3683; x_wconf 83' lang='lat'><strong>3,</strong></span> <span class='ocrx_word' id='word_1_318' title='bbox 381 3609 423 3669; x_wconf 90' lang='grc'><strong>20</strong></span> <span class='ocrx_word' id='word_1_319' title='bbox 446 3611 527 3684; x_wconf 72' lang='lat' dir='ltr'><strong>sysoi</strong></span> <span class='ocrx_word' id='word_1_320' title='bbox 550 3601 591 3690; x_wconf 87' lang='lat' dir='ltr'><strong>(B</strong></span> <span class='ocrx_word' id='word_1_321' title='bbox 615 3602 700 3691; x_wconf 74' lang='lat' dir='ltr'><strong>det),</strong></span> 
     </span>
    </p>

    <p class='ocr_par' dir='ltr' id='par_1_14' title="bbox 211 3697 557 3775">
     <span class='ocr_line' id='line_1_36' title="bbox 211 3697 557 3775; baseline 0.006 -19"><span class='ocrx_word' id='word_1_322' title='bbox 211 3716 235 3756; x_wconf 82' lang='lat' dir='ltr'><strong>c.</strong></span> <span class='ocrx_word' id='word_1_323' title='bbox 259 3697 320 3755; x_wconf 84' lang='lat' dir='ltr'>IIII</span> <span class='ocrx_word' id='word_1_324' title='bbox 336 3699 364 3775; x_wconf 82' lang='lat'><strong>6,</strong></span> <span class='ocrx_word' id='word_1_325' title='bbox 380 3699 421 3756; x_wconf 83' lang='grc'><strong>22</strong></span> <span class='ocrx_word' id='word_1_326' title='bbox 444 3698 557 3775; x_wconf 68' lang='lat' dir='ltr'><strong>dim,</strong></span> 
     </span>
    </p>

    <p class='ocr_par' dir='ltr' id='par_1_15' title="bbox 210 3778 727 3870">
     <span class='ocr_line' id='line_1_37' title="bbox 210 3778 727 3870; baseline 0.008 -26"><span class='ocrx_word' id='word_1_327' title='bbox 210 3803 233 3844; x_wconf 92' lang='lat' dir='ltr'><strong>s.</strong></span> <span class='ocrx_word' id='word_1_328' title='bbox 255 3785 395 3860; x_wconf 60' lang='grc'><strong>11138</strong></span> <span class='ocrx_word' id='word_1_329' title='bbox 418 3788 458 3845; x_wconf 85' lang='lat' dir='ltr'><strong>oti</strong></span> <span class='ocrx_word' id='word_1_330' title='bbox 481 3778 649 3868; x_wconf 82' lang='lat' dir='ltr'><strong>(deficiente</strong></span> <span class='ocrx_word' id='word_1_331' title='bbox 672 3780 727 3870; x_wconf 68' lang='grc' dir='ltr'><strong>Β),</strong></span> 
     </span>
    </p>

    <p class='ocr_par' dir='ltr' id='par_1_16' title="bbox 209 3868 930 3958">
     <span class='ocr_line' id='line_1_38' title="bbox 209 3868 930 3958; baseline 0.001 -23"><span class='ocrx_word' id='word_1_332' title='bbox 209 3893 231 3935; x_wconf 90' lang='lat' dir='ltr'><strong>s.</strong></span> <span class='ocrx_word' id='word_1_333' title='bbox 255 3874 315 3953; x_wconf 83' lang='lat'><strong>15,</strong></span> <span class='ocrx_word' id='word_1_334' title='bbox 332 3878 392 3934; x_wconf 90' lang='grc'><strong>101</strong></span> <span class='ocrx_word' id='word_1_335' title='bbox 418 3893 521 3936; x_wconf 73' lang='lat' dir='ltr'><strong>sermm</strong></span> <span class='ocrx_word' id='word_1_336' title='bbox 542 3868 656 3956; x_wconf 86' lang='lat' dir='ltr'><strong>(neseio</strong></span> <span class='ocrx_word' id='word_1_337' title='bbox 680 3896 719 3936; x_wconf 87' lang='lat' dir='ltr'><strong>an</strong></span> <span class='ocrx_word' id='word_1_338' title='bbox 742 3877 834 3936; x_wconf 88' lang='lat' dir='ltr'><strong>etiam</strong></span> <span class='ocrx_word' id='word_1_339' title='bbox 857 3868 930 3958; x_wconf 84' lang='lat' dir='ltr'>R1);</span> 
     </span>
    </p>

    <p class='ocr_par' dir='ltr' id='par_1_17' title="bbox 209 3957 749 4045">
     <span class='ocr_line' id='line_1_39' title="bbox 209 3957 749 4045; baseline 0.004 -22"><span class='ocrx_word' id='word_1_340' title='bbox 209 3982 232 4025; x_wconf 88' lang='lat' dir='ltr'><strong>s.</strong></span> <span class='ocrx_word' id='word_1_341' title='bbox 255 3963 314 4042; x_wconf 87' lang='grc'><strong>16,</strong></span> <span class='ocrx_word' id='word_1_342' title='bbox 331 3967 381 4024; x_wconf 84' lang='grc'><strong>25.</strong></span> <span class='ocrx_word' id='word_1_343' title='bbox 398 3966 438 4024; x_wconf 87' lang='grc'><strong>28</strong></span> <span class='ocrx_word' id='word_1_344' title='bbox 462 3965 576 4024; x_wconf 77' lang='lat' dir='ltr'><strong>clauom</strong></span> <span class='ocrx_word' id='word_1_345' title='bbox 599 3957 640 4045; x_wconf 86' lang='lat' dir='ltr'><strong>(B</strong></span> <span class='ocrx_word' id='word_1_346' title='bbox 663 3959 749 4045; x_wconf 83' lang='lat' dir='ltr'><strong>def.);</strong></span> 
     </span>
    </p>

    <p class='ocr_par' dir='ltr' id='par_1_18' title="bbox 209 4049 1308 4224">
     <span class='ocr_line' id='line_1_40' title="bbox 209 4049 1308 4134; baseline 0.006 -22"><span class='ocrx_word' id='word_1_347' title='bbox 209 4071 236 4112; x_wconf 93' lang='lat' dir='ltr'><strong>a.</strong></span> <span class='ocrx_word' id='word_1_348' title='bbox 259 4072 289 4130; x_wconf 91' lang='lat' dir='ltr'><strong>p.</strong></span> <span class='ocrx_word' id='word_1_349' title='bbox 314 4054 353 4114; x_wconf 94' lang='grc'><strong>67</strong></span> <span class='ocrx_word' id='word_1_350' title='bbox 377 4054 508 4128; x_wconf 72' lang='lat' dir='ltr'><strong>ior‘quom</strong></span> <span class='ocrx_word' id='word_1_351' title='bbox 532 4052 568 4128; x_wconf 90' lang='grc'><strong>0,</strong></span> <span class='ocrx_word' id='word_1_352' title='bbox 592 4055 675 4115; x_wconf 90' lang='lat' dir='ltr'><strong>omis.</strong></span> <span class='ocrx_word' id='word_1_353' title='bbox 695 4057 721 4115; x_wconf 93' lang='lat' dir='ltr'>B</span> <span class='ocrx_word' id='word_1_354' title='bbox 744 4087 779 4096; x_wconf 90' lang='lat'>—</span> <span class='ocrx_word' id='word_1_355' title='bbox 802 4075 872 4134; x_wconf 81' lang='lat' dir='ltr'><strong>ergo</strong></span> <span class='ocrx_word' id='word_1_356' title='bbox 896 4056 927 4115; x_wconf 93' lang='lat' dir='ltr'><strong>in</strong></span> <span class='ocrx_word' id='word_1_357' title='bbox 950 4049 985 4116; x_wconf 86' lang='lat' dir='ltr'><strong>B&#39;</strong></span> <span class='ocrx_word' id='word_1_358' title='bbox 1008 4057 1107 4117; x_wconf 87' lang='lat' dir='ltr'><strong>miuus</strong></span> <span class='ocrx_word' id='word_1_359' title='bbox 1135 4059 1251 4120; x_wconf 84' lang='lat' dir='ltr'><strong>clarum</strong></span> <span class='ocrx_word' id='word_1_360' title='bbox 1299 4055 1308 4061; x_wconf 82' lang='grc'>”</span> 
     </span>
     <span class='ocr_line' id='line_1_41' title="bbox 378 4142 788 4224; baseline 0.007 -22"><span class='ocrx_word' id='word_1_361' title='bbox 378 4143 494 4203; x_wconf 86' lang='lat' dir='ltr'><strong>faotum</strong></span> <span class='ocrx_word' id='word_1_362' title='bbox 511 4142 610 4204; x_wconf 91' lang='lat' dir='ltr'><strong>deleta</strong></span> <span class='ocrx_word' id='word_1_363' title='bbox 633 4144 736 4205; x_wconf 87' lang='lat' dir='ltr'><strong>littera</strong></span> <span class='ocrx_word' id='word_1_364' title='bbox 758 4163 788 4224; x_wconf 70' lang='grc' dir='ltr'><strong>ο,</strong></span> 
     </span>
    </p>

    <p class='ocr_par' dir='ltr' id='par_1_19' title="bbox 209 4234 491 4311">
     <span class='ocr_line' id='line_1_42' title="bbox 209 4234 491 4311; baseline 0.004 -21"><span class='ocrx_word' id='word_1_365' title='bbox 209 4251 235 4291; x_wconf 84' lang='lat' dir='ltr'><strong>a.</strong></span> <span class='ocrx_word' id='word_1_366' title='bbox 258 4250 287 4308; x_wconf 88' lang='lat' dir='ltr'><strong>p.</strong></span> <span class='ocrx_word' id='word_1_367' title='bbox 312 4234 353 4292; x_wconf 86' lang='grc'><strong>84</strong></span> <span class='ocrx_word' id='word_1_368' title='bbox 378 4249 491 4311; x_wconf 68' lang='lat' dir='ltr'><strong>equom,</strong></span> 
     </span>
    </p>

    <p class='ocr_par' dir='ltr' id='par_1_20' title="bbox 209 4322 502 4399">
     <span class='ocr_line' id='line_1_43' title="bbox 209 4322 502 4399; baseline 0 -19"><span class='ocrx_word' id='word_1_369' title='bbox 209 4340 235 4382; x_wconf 89' lang='lat' dir='ltr'><strong>a.</strong></span> <span class='ocrx_word' id='word_1_370' title='bbox 259 4341 288 4397; x_wconf 90' lang='lat' dir='ltr'><strong>p.</strong></span> <span class='ocrx_word' id='word_1_371' title='bbox 305 4323 368 4381; x_wconf 91' lang='grc'><strong>102</strong></span> <span class='ocrx_word' id='word_1_372' title='bbox 392 4322 502 4399; x_wconf 73' lang='lat' dir='ltr'><strong>uoltus,</strong></span> 
     </span>
    </p>

    <p class='ocr_par' dir='ltr' id='par_1_21' title="bbox 208 4411 514 4489">
     <span class='ocr_line' id='line_1_44' title="bbox 208 4411 514 4489; baseline -0.007 -18"><span class='ocrx_word' id='word_1_373' title='bbox 208 4429 236 4471; x_wconf 79' lang='lat' dir='ltr'><strong>a</strong></span> <span class='ocrx_word' id='word_1_374' title='bbox 258 4430 286 4486; x_wconf 86' lang='lat' dir='ltr'><strong>p.</strong></span> <span class='ocrx_word' id='word_1_375' title='bbox 304 4411 366 4470; x_wconf 92' lang='grc'><strong>106</strong></span> <span class='ocrx_word' id='word_1_376' title='bbox 390 4411 514 4489; x_wconf 71' lang='lat' dir='ltr'><strong>uoltum,</strong></span> 
     </span>
    </p>

    <p class='ocr_par' dir='ltr' id='par_1_22' title="bbox 208 4501 535 4577">
     <span class='ocr_line' id='line_1_45' title="bbox 208 4501 535 4577; baseline 0.003 -17"><span class='ocrx_word' id='word_1_377' title='bbox 208 4519 234 4560; x_wconf 79' lang='lat' dir='ltr'><strong>a</strong></span> <span class='ocrx_word' id='word_1_378' title='bbox 257 4518 286 4577; x_wconf 85' lang='lat' dir='ltr'><strong>p.</strong></span> <span class='ocrx_word' id='word_1_379' title='bbox 303 4501 366 4561; x_wconf 85' lang='grc'><strong>327</strong></span> <span class='ocrx_word' id='word_1_380' title='bbox 390 4503 535 4561; x_wconf 84' lang='lat' dir='ltr'><strong>remotost.</strong></span> 
     </span>
    </p>
   </div>
   <div class='ocr_carea' id='block_1_8' title="bbox 0 0 1438 5016">
    <p class='ocr_par' dir='ltr' id='par_1_23' title="bbox 0 0 1438 5016">
     <span class='ocr_line' id='line_1_46' title="bbox 0 0 1438 5016; baseline 0 0"><span class='ocrx_word' id='word_1_381' title='bbox 0 0 1438 5016; x_wconf 95' lang='lat' dir='ltr'><strong> </strong></span> 
     </span>
    </p>
   </div>
  </div>
 </body>
</html>
