2866 5016
132 308 248 369 XXXIV
612 308 826 367 PRAEFATIO.

133 485 201 542 tum
231 501 347 559 semper
375 480 436 541 fuit
464 481 520 542 iste
549 482 634 543 locus
663 502 687 542 c.
705 482 768 542 1111
789 485 874 561 1,10
903 481 956 541 ubi
983 481 1016 541 in
1042 480 1141 559 prima
1166 479 1291 545 editions

133 591 224 650 quam
253 575 323 634 ante
351 572 478 631 deletam
503 571 716 631 bibliothecam
738 571 929 630 Blandiniam
951 571 1077 649 fecerat,
1106 571 1292 632 coniectum

134 681 220 721 snam
248 662 279 721 in
306 661 391 720 libris
413 680 473 720 non
501 661 631 720 inueniri
654 662 733 721 clare
756 660 879 738 fatetur,
902 661 933 720 in
956 660 1053 720 altera
1074 680 1147 721 nero
1170 660 1293 722 editions

133 753 203 827 post
225 751 395 811 incendium
424 750 499 808 illud
527 751 622 828 facta,
645 769 714 810 cum
736 750 797 808 iam
820 770 880 810 non
904 750 1032 828 timeret,
1054 769 1092 809 ne
1115 768 1135 809 a
1156 768 1295 827 qnaquau

133 841 327 917 refelleretur,
347 839 491 899 audacter
508 839 663 899 contendit
680 858 711 899 se
730 838 946 899 emendationis
965 857 1036 898 suae
1055 841 1161 915 aperta
1178 838 1296 919 uestigia

133 928 164 987 in
188 929 339 989 codicibus
357 928 525 988 Blandiaiis
544 929 716 1005 repperisse.
754 928 829 987 Vide
853 932 992 1004 excerpta
1011 926 1185 1005 Oruquiana
1203 928 1237 986 in
1253 927 1297 989 ha

134 1022 235 1078 nostro
251 1018 406 1078 uolumine
424 1038 453 1093 p.
473 1019 546 1077 360.
582 1018 618 1076 ln
637 1017 767 1078 editione
785 1017 934 1095 Brugensi
947 1008 1066 1099 (1565)
1080 1017 1153 1077 haec
1165 1017 1297 1096 legimns

134 1102 210 1167 ‘uuo
231 1109 291 1166 cillo
313 1108 451 1181 scrupula
475 1124 538 1165 cam
556 1108 717 1175 dictionem,
735 1109 907 1180 purpureis,
929 1111 963 1164 ut
981 1108 1143 1181 peuuiuam
1165 1110 1192 1165 ct
1211 1106 1300 1167 Hora

135 1199 248 1255 tiuuam
269 1199 302 1255 tu
324 1215 381 1256 saca
404 1197 470 1255 sede
491 1197 677 1255 statuendam
694 1197 812 1269 prata-ui,
836 1197 978 1269 tantisper
999 1197 1071 1256 dum
1092 1196 1146 1255 illa
1166 1198 1300 1270 caperetis

133 1288 187 1345 alii
209 1304 296 1344 suum
319 1287 412 1345 lacum
435 1286 600 1344 macedum
625 1285 705 1358 qiud
727 1286 857 1358 prosedo
879 1302 962 1345 recino
983 1285 1055 1344 milii
1076 1285 1164 1358 facite
1184 1302 1299 1359 pererra

133 1378 203 1434 serit
229 1376 374 1453 paurum,
400 1376 461 1434 uisi
487 1376 613 1434 aelius-us
640 1374 800 1433 Horatium
822 1375 869 1434 uei
895 1376 1045 1448 iquarasse
1066 1392 1239 1448 purpuram
1264 1390 1300 1435 ue

133 1467 257 1524 urscisse
288 1466 381 1524 olores
410 1481 471 1524 esse
501 1465 649 1522 candidas.
702 1463 771 1521 Nou
800 1481 831 1521 rc
861 1465 978 1536 inficias
1008 1464 1091 1522 illius
1120 1465 1180 1522 loco
1209 1480 1300 1537 repon

132 1555 217 1612 licere
239 1554 428 1630 Porplrprcis,
457 1556 690 1626 rriciuitatunquc
717 1554 880 1611 litterarum
909 1555 985 1611 iuter
1007 1552 1160 1627 Pcrphpra
1188 1556 1215 1611 et
1236 1570 1300 1626 pur

126 1662 209 1715 pura
231 1661 291 1702 aori
313 1644 472 1716 rtisfiaultcr
491 1643 583 1701 errori
600 1643 799 1716 patrocinium
821 1645 1018 1709 insecuturam,
1041 1642 1092 1700 sed
1109 1642 1295 1700 reclausum

132 1734 226 1791 titius
248 1733 306 1791 act
328 1733 598 1805 antiquissimis
620 1732 801 1790 codic-ibus
823 1732 906 1790 ualui
927 1733 965 1789 iu
986 1731 1231 1790 uenerandum
1249 1748 1297 1791 arr

132 1823 332 1894 tiquitatcm
354 1823 499 1880 saeuire
522 1825 637 1880 torrere:
660 1823 726 1894 quis
747 1822 824 1878 cuim
840 1837 900 1879 nou
919 1821 959 1879 acl
977 1820 1098 1879 colorem
1115 1837 1300 1893 purpureum

132 1912 183 1969 scd
205 1912 245 1968 art
267 1912 397 1969 insulam
419 1910 593 1985 Parplrprim
617 1910 721 1969 chcri
743 1928 860 1968 sacram
881 1927 942 1968 uou
965 1910 1065 1968 uideat
1088 1910 1226 1969 allusisse
1241 1926 1300 1984 poa

132 2000 211 2058 tara?
233 2003 266 2057 ut
283 2001 430 2073 purpurat
449 2000 541 2057 clarus
559 2000 618 2058 siat
638 1998 789 2073 Optlrcraci
806 1999 858 2057 hac
876 2003 919 2057 cst
938 1998 1043 2057 Veneri·
1060 1992 1161 2057 sacri?
1199 1997 1300 2058 Oontnr

132 2088 163 2147 in
186 2088 316 2148 editione
340 2087 550 2164 Antuerpiana
577 2080 695 2170 (1578)
727 2088 871 2147 audacter
898 2088 1015 2148 scribit:
1046 2103 1243 2155 „reuersus
1271 2106 1300 2147 ar

132 2177 242 2237 Blarut.
262 2179 372 2236 codices
394 2178 484 2250 quod
507 2181 611 2235 autea
635 2195 704 2235 uou
727 2178 971 2246 obseruaram,
994 2178 1073 2236 uidi
1090 2178 1123 2235 iu
1140 2173 1172 2236 τὸ
1190 2194 1300 2251 purprm

132 2270 276 2341 apertas
305 2267 466 2326 macutus
494 2274 548 2325 τοῦ
573 2267 714 2341 puplip,
747 2283 838 2339 quare
868 2269 946 2325 sirac
974 2267 1049 2324 ullo
1081 2267 1250 2340 scrupulo
1279 2288 1300 2324 u

127 2357 303 2431 puplrpreis
324 2360 358 2414 ut
377 2357 537 2429 poncii-raam
565 2360 590 2413 ct
611 2355 811 2414 Horatiauam
838 2356 991 2414 dictionem
1016 2356 1050 2413 iu
1079 2372 1136 2414 sua
1164 2355 1232 2414 sede
1253 2359 1300 2414 sta

136 2447 274 2504 termidum
291 2447 409 2519 putaui,
433 2446 577 2503 allusione
600 2446 639 2504 ad
657 2445 786 2503 insulam
803 2444 978 2521 Porplrprim
1003 2445 1107 2503 Veneri
1129 2461 1257 2513 sacram,
1279 2463 1300 2503 a

137 2537 197 2593 siut
213 2536 372 2610 pourtprei
395 2536 496 2601 olores,
518 2534 550 2593 id
573 2539 615 2593 cst
638 2534 742 2593 chcri
759 2536 865 2593 sarrit
911 2533 1068 2593 Combusti
1090 2535 1177 2593 erant
1196 2533 1299 2593 codice

134 2623 289 2683 Blandinii
313 2643 340 2683 a.
365 2626 458 2684 1566.

221 2713 279 2772 Oui
300 2713 348 2772 hic
371 2715 456 2773 locus
478 2713 514 2772 de
538 2712 648 2772 friuola
672 2731 706 2771 ac
729 2716 868 2788 suspecta
892 2711 1019 2789 Oruqnii
1041 2711 1098 2771 fide
1122 2711 1227 2771 oculos
1251 2731 1300 2772 nor

134 2803 295 2879 aperuerit,
318 2823 387 2862 eum
411 2802 509 2863 doceri
531 2820 617 2878 posse
642 2801 762 2861 omnino
786 2801 1004 2877 desperandum
1026 2801 1156 2861 uidetur.

221 2892 265 2952 De
294 2891 436 2951 uniuersa
460 2891 635 2968 quaestione
658 2890 859 2949 Blandiniana
881 2891 936 2949 has
958 2889 1020 2950 fere
1044 2889 1300 2950 commentatione:

133 2981 333 3056 inspiciendas
363 2999 426 3039 esse
456 2998 623 3038 censemus:
655 2979 688 3040 F.
711 2979 868 3056 Matthias,
898 2980 1109 3056 quaestionum
1136 2978 1300 3038 Blandinia

134 3088 241 3127 narum
264 3069 365 3144 capita
388 3069 457 3145 tria,
480 3068 549 3126 diss.
573 3068 641 3126 Hal.
665 3067 887 3128 Saxon.1882.
935 3069 980 3126 W.
999 3069 1117 3145 Merces,
1140 3067 1177 3126 de
1200 3068 1300 3129 codici:

134 3157 308 3236 Horatiaui,
337 3159 390 3235 qui
413 3157 519 3215 Bland.
542 3156 767 3216 uenustissimus
790 3160 926 3234 uocatur,
954 3162 1064 3216 natura
1087 3160 1179 3233 atque
1203 3156 1300 3218 indole

134 3247 231 3307 Berol.
255 3266 277 3305 a.
302 3266 328 3305 a.
356 3240 461 3327 (quem
484 3246 605 3321 quidem
627 3245 763 3306 libellum
787 3246 935 3306 erroribus
959 3250 990 3306 et
1013 3246 1127 3306 mendis
1150 3245 1300 3306 admodun

134 3336 270 3396 laborare
290 3336 372 3395 Rich.
391 3328 547 3413 Kukula¹)
570 3335 874 3411 philal.Rundscl1au
898 3335 929 3393 ΙΙ
947 3355 990 3394 nr.
1011 3339 1052 3396 32
1077 3328 1300 3394 demonstrauit

135 3428 166 3484 et
194 3419 281 3485 <tiber
303 3425 360 3485 den
383 3424 488 3483 Warth
517 3425 568 3483 des
596 3424 658 3484 ood.
682 3425 788 3483 Bland.
811 3425 1038 3484 uetustissimus
1060 3424 1111 3483 fiir
1137 3423 1185 3483 die
1208 3423 1300 3483 Kritil

135 3514 186 3573 des
210 3509 329 3592 Horaz',
352 3514 427 3573 Beil.
451 3535 474 3574 a.
494 3514 596 3591 Progr.
616 3512 667 3573 des
685 3513 1069 3573 Eliedrich-Werderschen
1089 3512 1300 3589 Gymnasiums

135 3604 238 3662 Berlin
260 3606 353 3662 1882.
391 3603 423 3662 Ρ.
444 3602 540 3680 Hohn,
564 3603 599 3662 de
623 3602 723 3662 codice
742 3602 902 3661 Blandinio
922 3602 1141 3679 antiquissimo,
1161 3601 1300 3663 dissertat

135 3692 197 3752 len.
224 3695 322 3769 1883,
351 3692 489 3767 inprimis
512 3711 585 3751 uero
609 3693 666 3751 Ios.
689 3691 851 3770 Haussner,
875 3691 1026 3768 Cruquius
1048 3691 1112 3750 und
1134 3690 1182 3750 die
1200 3691 1300 3753 Horas

135 3782 239 3860 lm'tik,
263 3781 408 3840 Bruchsal
434 3783 528 3841 1884.
573 3781 697 3840 Accedit
721 3782 801 3858 quod
824 3781 942 3840 easdem
967 3781 1157 3857 quaestiones
1175 3780 1207 3838 in
1226 3781 1300 3841 semi

136 3871 221 3929 nario
244 3870 426 3948 philologico
446 3870 590 3949 Pragensi
610 3869 732 3946 optimis
754 3871 909 3947 discipulis
927 3871 1038 3931 iterum
1060 3871 1231 3947 iterumque
1254 3870 1300 3930 dis

136 3960 290 4020 satiendas
318 3959 475 4036 proposui,
504 3960 556 4035 qui
584 3964 615 4019 et
638 3958 771 4036 Oruquio
794 3979 935 4038 magnam
959 3959 1048 4020 fidem
1069 3959 1260 4019 tribuendam
1282 3980 1300 4019 e

135 4050 266 4110 codicem
288 4049 316 4107 V
341 4049 372 4107 in
395 4048 722 4124 praestantissimorum
745 4049 880 4108 codicum
903 4069 1027 4109 numero
1054 4049 1227 4126 ponendum
1250 4067 1300 4109 ess

225 4296 251 4360 1)
275 4293 356 4347 Hanc
383 4290 574 4349 bibliothecae
592 4288 778 4364 Prageneis
796 4289 971 4362 praefectum
989 4288 1172 4359 (Richardum
1190 4287 1300 4344 Kukula

135 4361 193 4417 noli
222 4363 392 4418 confundere
421 4382 485 4418 cum
527 4365 663 4418 rofessore
687 4363 828 4418 ltichardo
852 4362 981 4417 Cornelio
1006 4362 1128 4429 Kokala,
1155 4360 1205 4429 qui
1229 4360 1300 4414 Blan

132 4433 424 4562 ffiqqlorgrgrgaffiligrflstrn
448 4383 644 4490 exceilentiam
663 4435 863 4504 intempestiua
882 4435 1005 4504 quadam
1027 4432 1300 4487 coumrentatiuncul:
