2866 5016
286 109 613 193 EXOERPTA
639 109 1022 210 CRVQVIANA.

601 290 706 297 -———-

157 410 189 477 Q.
203 410 386 466 uoaurrvs
399 412 402 479 ;
415 408 1145 481 cracova}uxrruuovissiursrvunuoru
1163 408 1240 463 urs.
1303 361 1306 366 ⁸

60 491 93 545 Μ
104 521 111 534 ·
124 490 160 545 S·
181 491 227 544 ΕΤ
241 490 390 546 SCHEDIS
400 493 402 561 ;
413 489 523 558 aliquot
537 489 711 559 emendatus,
730 489 753 543 b
767 488 895 558 plurimis
909 488 979 542 locis
994 505 1058 542 cum
1073 487 1240 559 Com-lmen-

60 578 147 636 tariis
166 579 291 649 antiquis
310 582 482 650 expurgatus
501 579 524 633 tr
543 577 648 647 editus,
668 595 754 648 opera
768 578 772 649 t
788 560 913 633 IACOBI
936 562 1090 642 Cavovss
1108 578 1240 649 Messenij

62 660 142 731 apud
167 658 478 730 arugsnosrpoliuoris
504 658 672 713 litteraturae
698 657 865 728 professoris
892 656 1008 726 publici.
1026 658 1030 729 Ι
1049 658 1183 714 Eiusdem
1209 662 1241 715 irs

60 741 181 797 eandem
198 742 400 808 enarrationes,
418 741 632 806 clementiores,
650 741 675 794 d·
692 741 778 795 varic
797 740 949 808 lectiserica!
965 755 1026 794 cum
1044 740 1111 794 otiis
1129 741 1239 809 quibos-

63 831 131 886 ram
148 830 175 885 a
192 831 282 885 seras
301 830 514 900 capariam.
531 829 535 900 ι
551 811 807 896 Acarnania,
825 860 826 885 ,
844 827 885 881 ux
909 827 1023 882 officina
1046 826 1241 898 christophori

63 908 202 979 Plautini,
214 910 218 981 l
229 908 489 979 Architypographi
507 908 588 978 Regij
608 937 614 951 ·
625 907 655 961 M
666 908 707 961 ·D
720 906 883 962 -axxvua
911 908 949 964 4⁰.

157 1052 246 1107 Praei.
265 1071 293 1121 p.
308 1055 356 1122 (ὁ).
388 1051 420 1107 V.
431 1051 464 1106 V.
484 1050 707 1106 CLARISSIMIS
726 1049 1042 1121 BVRGIMAGISTRIS,
1062 1049 1240 1107 AMPLISSI-

64 1131 196 1198 NOQVE
216 1131 374 1187 SENATVI
392 1132 532 1202 Bruganc,
551 1131 669 1185 lacobus
689 1130 826 1199 Cruquius
845 1129 996 1185 Mescinius
1015 1130 1041 1187 S.
1056 1131 1086 1186 P.

156 1241 261 1309 p.(12):
286 1238 425 1304 ...Quam
439 1240 502 1292 cum
516 1237 590 1292 hauc
604 1240 664 1292 tum
678 1237 759 1291 illam
774 1236 839 1291 vitae
852 1237 928 1291 riam
943 1240 1005 1291 edm
1021 1254 1103 1292 nemo
1118 1254 1152 1292 ex
1167 1238 1240 1292 anti-

65 1318 131 1390 quir
150 1318 334 1389 scriptoribus
353 1318 471 1373 Horatio
489 1318 568 1373 velut
586 1317 615 1371 in
633 1317 740 1372 tabulis
760 1316 917 1386 effigiatam
936 1317 1111 1372 intuentibus
1130 1317 1241 1372 felicius

65 1398 212 1469 exhibeat,
230 1415 312 1455 nemo
331 1398 402 1453 vItia
420 1398 580 1454 accuratius
599 1398 766 1466 insectetur,
790 1413 872 1451 nemo
892 1397 980 1452 bonos
998 1414 1090 1452 mores
1113 1396 1241 1453 uiuacids

66 1480 199 1551 edoceat,
222 1494 287 1534 eum
305 1478 522 1534 Commentariis
545 1477 669 1547 antiquis
693 1494 726 1533 ex
750 1477 877 1548 pluribus
902 1476 1014 1547 scriptis
1032 1493 1118 1532 manu
1136 1495 1240 1549 magno

66 1558 161 1617 stadio
176 1558 388 1628 consarcinatis,
407 1557 547 1613 &nostris
567 1558 712 1627 aliquante
727 1557 849 1628 planius,
867 1559 898 1612 vt
912 1558 1040 1627 arbitror,
1059 1575 1144 1628 quam
1163 1560 1240 1630 pride

65 1639 240 1696 elucidatum
259 1638 474 1695 &illustratum
493 1638 582 1708 vobis,
605 1637 782 1708 Amplissimi
799 1641 904 1708 patres,
928 1638 1027 1693 dedico
1046 1638 1070 1693 te
1088 1639 1240 1708 gratitudi-

64 1719 110 1776 nis
124 1723 192 1790 ergd
210 1719 354 1790 mancip0;
369 1762 411 1776 ...
429 1718 549 1775 Kalend.
560 1721 678 1788 August
688 1719 769 1774 Anno
785 1720 828 1774 tte.
841 1720 870 1773 b.
880 1717 1027 1774 LXXVIII.
1047 1718 1149 1790 Brugis
1158 1720 1241 1775 Flan-

66 1800 189 1857 morum.

324 1924 351 1977 p.
366 1909 432 1978 (re.)
467 1905 517 1961 ru
535 1904 729 1962 uuoronuu
747 1903 983 1960 usuuvonvu.

156 1994 202 2068 IN
224 2014 397 2081 ANTIQVIS
424 2011 640 2069 Commentariis
671 2011 728 2066 iam
756 2011 865 2082 pridem
892 2011 922 2065 in
949 2014 1082 2081 quartum
1109 2012 1241 2086 Oderum,

65 2095 180 2167 Epodos
199 2095 222 2150 d
240 2094 356 2165 Satyrus
375 2093 530 2164 enulgatis,
554 2093 643 2148 lectar
666 2091 801 2161 candide,
823 2092 954 2147 nonullos
976 2090 1121 2164 intelligo,
1145 2094 1242 2150 Senon

65 2173 215 2247 poshemia
237 2177 312 2230 nota
334 2174 409 2230 viros
432 2173 618 2243 subsannare,
643 2174 700 2241 atq.
725 2172 797 2228 adeb
819 2171 956 2227 reiectare
979 2172 1132 2228 dictionem
1159 2175 1242 2246 hanc,

65 2254 288 2324 Commentator,
312 2253 394 2324 quasi
416 2253 509 2309 minus
532 2252 677 2324 idoneam,
702 2270 754 2308 nec
778 2252 862 2322 satis,
886 2255 917 2307 vt
939 2258 1131 2310 enarratorem
1152 2259 1242 2327 notet,

64 2335 210 2393 Latinam:
233 2336 322 2406 quod,
346 2334 538 2391 etiamsinon
560 2332 673 2404 penitis
696 2332 812 2401 infitier;
839 2336 935 2387 tamen
954 2332 979 2387 si
997 2333 1163 2404 diligentius
1182 2336 1241 2391 uni-

65 2416 248 2471 maduertant
269 2418 396 2471 nostrum
419 2431 454 2470 ea
475 2414 506 2469 iu
530 2429 558 2469 re
582 2413 730 2468 consilium
749 2413 772 2467 ts
790 2412 940 2483 epistolam
959 2413 996 2467 ad
1020 2413 1154 2470 lectorem
1174 2416 1241 2471 olim

64 2495 115 2553 lib.
130 2495 255 2550 Oderum
269 2499 370 2564 quarto
384 2493 566 2565 propositam
580 2493 728 2549 candidius
743 2493 897 2563 pellegant,
916 2492 1052 2560 aequiores
1070 2496 1145 2550 certe
1158 2496 1241 2552 nobis

65 2592 115 2631 eos
132 2574 193 2630 fore
212 2574 385 2631 crediderim.
418 2574 493 2630 Nam
511 2575 574 2643 qnis
593 2589 657 2628 eum
674 2572 801 2628 nominet
818 2572 978 2643 honorifice,
998 2590 1081 2644 quem
1103 2591 1141 2630 ne
1160 2574 1242 2631 nouit

65 2655 201 2725 quidem?
227 2657 260 2710 vt
271 2656 382 2710 taceam
401 2671 437 2710 ea
454 2671 517 2723 qna
535 2653 630 2709 euolui
647 2653 677 2708 in
695 2652 843 2708 Horatium
862 2651 968 2723 scripta
986 2653 1033 2709 rix
1056 2654 1112 2710 vllo
1136 2655 1241 2712 honore

65 2735 162 2806 digna,
181 2734 231 2790 sed
250 2733 293 2790 ite
311 2735 413 2804 lacera,
435 2751 545 2804 manca,
564 2734 674 2805 mutila,
693 2735 835 2804 lacunosa,
854 2733 1004 2788 &tantum
1018 2751 1074 2790 non
1092 2736 1175 2806 carie,
1194 2752 1241 2791 ve-

64 2814 230 2883 tustateque
253 2813 413 2885 deperdita,
437 2816 468 2869 rt
491 2829 524 2869 ex
548 2814 584 2868 iis
602 2814 649 2869 vix
667 2814 719 2870 hos
738 2812 960 2870 Commentarios
978 2814 1240 2874 consarcinauerim.

65 2895 157 2962 Quid?
185 2894 261 2963 qubd
283 2893 407 2949 auctoris
430 2910 532 2949 nomen
555 2910 641 2964 opera
665 2894 744 2950 nulla
765 2893 898 2962 consequi
916 2894 1075 2962 potuerim?
1106 2894 1138 2949 In
1156 2895 1241 2951 editis

66 2974 136 3032 oliui
154 2991 205 3044 per
218 2973 371 3029 Henricum
384 2973 461 3030 Petri
474 2974 606 3045 operibus
621 2975 741 3045 Horatij,
760 2974 834 3030 inter
851 2973 1012 3029 innumeros
1030 2974 1090 3030 fere
1108 2976 1241 3045 explana-

65 3058 142 3112 tores
165 3054 260 3125 legere
279 3053 394 3124 quidem
416 3057 462 3110 est
478 3053 601 3110 virorum
620 3054 846 3110 doctissimorum
864 3054 982 3109 neronis
1000 3054 1242 3125 &Porphyrionis

65 3150 197 3191 numeros
215 3134 239 3189 d
256 3134 378 3205 nomina,
398 3134 447 3189 sed
466 3133 497 3189 in
513 3134 656 3205 plerisque
675 3135 716 3190 eis
735 3134 887 3204 adscriptis
906 3133 991 3188 miror
1010 3136 1096 3204 atque
1115 3135 1241 3192 detestor

65 3232 123 3271 non
150 3213 332 3271 oscitantiam
359 3213 546 3286 typographi,
578 3218 610 3270 vt
636 3231 719 3283 quem
751 3215 871 3270 fortasse
899 3231 1045 3269 mucosum
1072 3214 1143 3270 fecit
1169 3216 1241 3272 lucri

65 3311 178 3353 cracem
200 3294 289 3366 color,
313 3294 364 3351 sed
386 3293 498 3365 ineptos
521 3294 649 3366 cuculos,
673 3294 723 3366 qui
746 3297 842 3352 tantos
860 3293 935 3350 riros
953 3311 1009 3350 nou
1032 3294 1160 3367 reueriti,
1184 3314 1241 3353 sua
