2866 5016
558 114 783 205 ,palarmo
1205 114 1270 168 XLI

68 263 233 359 descripti
257 287 338 361 sunt,
361 283 468 344 seriem
490 283 638 343 habuerat
656 283 794 343 ordinum
812 262 858 343 1‘11
877 286 908 343 et
927 262 945 343 l
964 287 996 343 et
1014 283 1149 344 indolem
1168 282 1270 358 stirpis

63 369 149 448 δ”ἶ
190 389 328 450 Secundo
346 391 412 451 loco
435 391 579 452 lectiones
601 371 620 450 Ϊ
636 390 756 469 ordinis,
775 391 865 485 tertio
884 389 1013 467 denique
1032 391 1108 467 loco,
1127 390 1217 468 idque
1236 389 1267 448 in

59 496 285 574 carminibus,
304 498 414 575 epodis,
434 501 499 558 arte
516 498 644 576 poetica,
664 499 756 557 etiam
775 497 806 555 H
823 497 935 557 ordinis
952 498 1096 557 lectiones
1116 497 1270 557 accedunt.

56 566 121 641 111
146 586 339 646 sermonibus
361 591 464 646 autem
487 591 580 664 atque
603 587 742 663 epistulis
765 587 887 646 secundi
912 586 1024 646 ordinis
1048 586 1122 645 adeo
1144 604 1270 662 praeua-

56 658 147 735 lere
172 674 316 735 uidemus
339 676 482 755 indolem,
509 679 546 735 ut
572 677 669 736 facere
697 695 756 736 non
784 677 947 752 possimus,
976 675 1050 752 quin
1078 674 1127 734 hio
1150 674 1271 751 quidem

56 763 259 824 seeundum
278 765 411 824 ordinem
429 784 484 842 pro
503 766 697 825 fundamento
717 764 908 841 accipiamus.
950 765 996 823 Ex
1015 781 1033 823 o
1052 767 1107 823 aut
1120 784 1138 822 x
1152 764 1270 840 Petrop.

58 861 145 913 hon
168 853 357 931 descriptum
375 873 438 914 esse
457 855 598 915 doeemur
616 873 642 913 a.
661 875 689 930 p.
706 857 783 914 171:
806 857 901 914 onmis
920 854 1038 930 Petrop.
1059 856 1150 931 recte,
1173 870 1272 912 mnam

58 935 168 1003 falso
194 959 253 1022 cx,
276 943 313 1005 cf.
336 962 460 1023 gramm.
484 943 628 1004 Aufsdtze
653 946 726 1003 295,

672 1125 692 1162 X

182 1211 304 1273 Codicis
327 1230 345 1272 σ
367 1213 455 1293 quasi
477 1214 572 1272 frater
594 1213 692 1272 minor
714 1216 760 1272 est
781 1213 873 1272 codex
895 1232 914 1271 x
933 1238 975 1260 =
989 1209 1175 1305 ,oxoniensis
1193 1210 1271 1270 Bod-

60 1315 212 1380 leianaa
242 1319 439 1380 bibliothecae
467 1319 683 1397 Dorvillianus,
716 1338 768 1378 ms.
796 1320 863 1379 Lat.
889 1320 961 1397 198,
994 1338 1068 1379 saec.
1092 1318 1147 1396 XI,
1181 1338 1272 1377 mem-

57 1406 184 1487 bran,
210 1428 249 1469 ex
272 1409 356 1468 libris
378 1409 401 1469 I.
425 1409 458 1470 P.
478 1407 630 1486 d’Orville,
655 1409 800 1468 oriundus
824 1429 839 1469 e
862 1408 1044 1469 bibliotheca
1068 1407 1096 1467 S.
1117 1406 1271 1466 vincentii

59 1497 305 1559 Laudunensis
334 1492 432 1579 (Laon
463 1498 495 1558 in
521 1491 749 1580 Letharingia),
778 1501 815 1556 ut
844 1497 893 1557 uir
922 1497 1113 1557 doctissimus
1140 1497 1273 1555 Arturus
1319 1486 1322 1494 ’

61 1588 114 1648 Β.
143 1587 295 1664 Poynton
318 1587 524 1647 uerisimiliter
551 1587 691 1665 coniecit,
720 1588 806 1646 cuius
835 1586 1014 1647 liberalitati
1039 1605 1073 1645 ac
1096 1585 1273 1663 diligentiae

62 1676 297 1738 conlationem
320 1676 463 1737 debemus
485 1677 709 1736 accuratissime
732 1677 850 1735 factam.
898 1675 1025 1735 Constat
1044 1677 1107 1736 126
1127 1675 1217 1752 foliis,
1242 1674 1273 1732 in

63 1765 226 1844 singulis
252 1766 372 1844 paginis
396 1768 437 1826 29
467 1784 624 1841 uersuum,
653 1766 787 1826 continet
814 1765 974 1825 Horatium
1004 1785 1072 1824 cnm
1100 1763 1221 1824 scholiis
1248 1764 1278 1821 Γ

65 1860 112 1916 et
139 1854 299 1932 quaedam
323 1855 501 1934 fragmenta,
524 1858 561 1914 ut
583 1854 695 1914 10132
720 1855 838 1930 aliquot
860 1873 965 1914 uersus
989 1874 1024 1913 ex
1042 1853 1175 1912 Publilio
1196 1852 1271 1928 Syro

68 1945 255 2004 detractos.
301 1943 384 2004 Inest
411 1945 503 2004 etiarn
532 1943 663 2020 epistula
686 1942 884 2003 Adalberonis
906 1943 1116 2003 Laudunensis
1141 1942 1274 2018 episcopi

72 2025 328 2116 (ssa-1030)
362 2033 401 2092 ad
432 2033 594 2094 Falconem
627 2032 857 2092 Ambianensem
890 2024 1119 2113 (993--1030)
1152 2031 1272 2107 scripta.

73 2122 303 2200 Reperiuntur
320 2122 414 2182 etiam
432 2122 566 2200 quinque
584 2122 702 2200 glossae
723 2122 898 2183 Theotiscae
921 2113 1192 2203 (mitteldeutsch):
1215 2139 1239 2179 o.
1259 2119 1274 2178 Ι

85 2231 151 2307 14,
172 2231 207 2288 6:
236 2228 406 2306 anteimus]
432 2226 616 2304 sepolrddon,
644 2248 668 2288 c.
691 2229 706 2287 I
732 2231 820 2306 1117
846 2227 986 2304 laomor]
1012 2228 1158 2303 ydehsun,
1188 2245 1274 2286 serm.

79 2320 105 2378 1
132 2321 225 2396 1,11
250 2317 397 2395 eruditiss]
416 2320 540 2395 burgen,
563 2318 746 2394 serm.H2,
768 2320 807 2377 16
827 2316 968 2393 pronius]
991 2319 1110 2384 sociaco,
1135 2335 1222 2376 serm.
1242 2315 1273 2372 II

87 2409 129 2485 4,
149 2407 189 2467 81
226 2406 324 2483 scobs]
352 2410 487 2468 theotisca
518 2410 621 2482 lingere
652 2409 760 2467 dictum
793 2412 833 2466 cst
865 2425 984 2480 orpora.
1036 2406 1274 2464 Horatianorum

88 2497 265 2557 carminum
287 2497 359 2558 ordo
382 2501 429 2557 est
445 2497 507 2557 hio:
530 2497 672 2575 carmina,
695 2496 791 2574 epodi,
814 2515 933 2556 carmen
952 2496 1112 2572 saeculare,
1137 2513 1185 2553 ars
1205 2513 1272 2570 poe-

94 2587 167 2664 tica,
191 2604 349 2663 sermones,
374 2586 530 2662 epistulae.
930 2585 938 2599 ’

187 2674 445 2752 Subscriptionem
467 2675 689 2734 Mauortienam
713 2674 786 2733 olim
809 2674 840 2733 in
864 2674 964 2735 codice
982 2694 1001 2732 x
1023 2673 1116 2733 fuisse
1140 2672 1273 2748 suspica·

95 2769 148 2823 tur
160 2764 315 2840 Poynton:
338 2758 382 2824 ‘at
400 2766 444 2824 tbc
463 2766 527 2834 cad,
550 2764 658 2842 inquit,
676 2766 712 2836 of
727 2764 771 2822 tir-c
786 2762 913 2823 Carmen
925 2764 1076 2823 sommare
1098 2763 1175 2821 there
1189 2764 1215 2821 ts
1235 2779 1273 2820 no

97 2854 301 2928 subcriptae,
327 2855 378 2913 bct
399 2855 512 2913 ccideet
533 2855 633 2913 marks
656 2855 691 2926 os
705 2854 749 2911 the
772 2871 892 2912 masura
914 2855 949 2925 os
966 2855 1036 2925 soar
1058 2854 1131 2911 lines
1154 2852 1190 2923 of
1208 2854 1274 2910 wri-

98 2945 166 3016 tiap.
216 2943 240 3001 Ι
265 2943 372 3019 hardly
401 2944 481 3002 111111
510 2944 571 3002 thot
596 2945 630 3001 ia
659 2943 703 3001 tbc
733 2943 857 3001 eteocntb
885 2946 1003 3018 coitura
1031 2943 1076 3001 the
1100 2941 1276 3001 Mavortiam

99 3033 295 3106 subservire
318 3033 412 3093 would
434 3033 523 3092 stand
545 3026 643 3092 thore?

633 3183 740 3273 o'(osl

188 3296 313 3359 Codices
345 3316 363 3358 o
389 3302 421 3359 et
446 3319 466 3359 x
497 3320 533 3359 ax
564 3319 625 3361 uno
658 3300 821 3375 exemplari
853 3291 912 3380 (o')
941 3299 1092 3358 duxerunt
1121 3298 1276 3374 originem,

101 3387 174 3448 libro
199 3389 327 3448 fortasse
350 3389 462 3449 saeculi
480 3389 559 3449 noni.
600 3389 636 3447 111
655 3383 685 3447 o'
704 3407 751 3447 ars
770 3389 889 3464 poetica
907 3386 1119 3447 POETIOVS
1135 3386 1275 3444 LIBER

101 3469 155 3558 (sic
185 3494 204 3536 σ
231 3477 354 3538 ineunte
381 3481 412 3538 et
440 3482 566 3539 exeunte
594 3481 658 3537 arte
687 3471 819 3560 poetica)
847 3477 898 3537 uel
926 3469 977 3558 (ut
1003 3497 1022 3535 x
1050 3479 1183 3536 extrema
1210 3477 1275 3534 arte

100 3559 232 3647 poetica)
251 3566 392 3626 LIBER
409 3566 619 3627 POETIOVS
634 3566 867 3642 nuncupabatur
884 3566 969 3643 isque
988 3567 1058 3642 post
1075 3584 1194 3624 carmen
1212 3582 1274 3623 sae-

101 3656 201 3716 culare
217 3659 248 3716 et
266 3659 337 3717 ante
351 3675 500 3717 sermones
518 3657 636 3734 positus
655 3658 721 3715 erat
740 3647 796 3737 (sic
815 3656 847 3713 in
865 3648 929 3733 ox),
948 3654 980 3714 id
998 3655 1079 3731 quod
1093 3673 1162 3714 cum
1176 3652 1276 3713 codice

100 3743 124 3804 B
141 3744 296 3823 conuenit,
315 3745 347 3804 in
364 3765 424 3823 quo
438 3750 469 3805 et
488 3746 553 3822 ipso
572 3765 599 3806 a.
617 3765 646 3821 p,
666 3745 745 3804 inter
762 3745 845 3820 epod.
869 3746 906 3803 17
928 3747 959 3804 et
977 3742 1092 3803 serml
1111 3741 1211 3819 posita
1230 3745 1276 3802 est

101 3833 188 3911 cique
206 3833 382 3894 inscribitur
399 3828 608 3894 ‘POETICA’
628 3834 735 3894 omisso
759 3853 824 3892 uoc.
844 3827 927 3893 ‘ors'.
965 3831 1063 3892 (lodex
1082 3825 1112 3890 o'
1131 3831 1162 3889 in
1186 3849 1275 3890 carm.

102 3926 129 3982 et
143 3923 249 4000 epodis
267 3924 348 3983 inter
364 3942 467 3984 omnes
484 3927 545 3984 tres
561 3923 679 3983 ordines
697 3923 835 3982 fluctuat.
880 3922 966 3992 Quod
985 3920 1106 3997 quidem
1125 3920 1163 3978 ad
1182 3919 1276 3996 lyrica

103 4013 221 4090 attinet,
235 4013 347 4071 librum
358 4005 415 4072 o'e
430 4013 533 4089 stirpis
544 4006 592 4071 ,m
601 4013 701 4072 codice
716 4011 846 4088 quodam
862 4012 900 4069 ad
914 4011 1004 4087 primi
1018 4008 1131 4070 ordinis
1141 4029 1277 4069 normam

104 4101 275 4179 frequenter
288 4102 445 4163 emendato
459 4101 579 4161 fluxisse
594 4122 630 4161 ex
644 4100 749 4161 multis
763 4100 941 4160 lectionibus
956 4099 1041 4158 falsis
1055 4098 1144 4174 plane
1160 4099 1276 4158 intelle·

106 4209 193 4285 gitur.
219 4208 331 4268 Verum
345 4209 438 4268 etiam
452 4188 512 4269 eTI
527 4208 638 4268 ordinis
653 4207 752 4268 codice
768 4207 897 4284 quodam
912 4206 995 4265 haud
1008 4224 1120 4282 paucas
1134 4207 1278 4266 lectiones

107 4296 309 4360 ldanortianas
331 4297 460 4360 insamae
483 4297 739 4376 deprehendimus,
762 4316 857 4374 eaque
880 4296 948 4373 ipsa
970 4296 1006 4356 de
1026 4314 1117 4356 causa
1136 4296 1227 4356 codex
1246 4289 1278 4354 o'
