2866 5016
14 381 21 392 δ
109 300 180 385 *xx
606 299 820 356 66661666.

130 470 275 544 carmina,
294 467 396 528 Ouidii
414 469 694 546 metamorphoseon
712 470 891 547 fragmenta,
911 467 1008 528 Seruii
1027 471 1058 528 61
1072 468 1200 528 aliorum
1219 487 1284 546 oper

131 559 346 638 grammatica,
378 562 433 619 cet.
463 558 630 636 continens,
658 558 800 636 Lugduni
828 558 896 617 Bat
924 557 959 615 A.
981 558 1028 618 W.
1057 558 1181 634 Sijthoff
1201 560 1284 619 1897

131 649 325 708 Etiamnum
348 648 453 707 titulo:
481 642 692 726 ‘Augustinus
715 648 806 724 Beda,
830 646 988 722 Horatius,
1012 644 1153 722 Ouidius,
1176 646 1285 706 Serniu

133 738 196 798 alii.
250 737 349 798 Codex
386 737 544 796 Bcrneusie
578 738 641 796 363
674 736 869 813 phototypice
906 735 1013 796 editus.
1068 736 1228 795 Praefatae
1264 755 1286 796 e:

130 828 322 887 Hermannus
354 825 462 909 Hagen
494 821 672 887 Beruensis'.
718 825 803 885 Adde
836 825 916 901 quod
948 825 1166 901 particularum
1198 824 1287 884 codic.

130 917 277 994 imagines
305 915 504 974 inueniuntur
530 914 611 992 apud
635 913 792 974 Chatelain
816 913 831 970 Ι
853 914 913 974 tab.
938 913 1062 972 LXXVI
1082 913 1194 974 =f01.
1221 916 1285 975 167

129 1007 211 1083 6116,
238 1026 261 1064 c.
286 1005 301 1062 Ι
322 1009 390 1081 1,1.
414 1005 466 1063 fol.
491 1005 665 1063 1681--6.
687 1003 701 1061 I
724 1005 903 1081 22,9-24.
938 1004 1116 1078 32,1-16.
1150 1004 1290 1077 38,1-1

129 1094 348 1168 112,1-27.
381 1096 553 1167 4,1—-14.
585 1093 646 1152 tab.
670 1091 808 1151 LXXVII
823 1117 866 1139 =
880 1092 931 1152 fol.
954 1094 1029 1151 178¹
1043 1117 1085 1140 =
1100 1110 1124 1151 6.
1143 1091 1174 1150 Π
1189 1095 1240 1152 20.
1263 1090 1290 1149 Il

80 1258 83 1263 ,
133 1186 295 1260 1,1-48.
322 1184 456 1256 2,1-4.
486 1185 624 1242 13-16.
651 1184 810 1257 4,1-16.
834 1182 973 1241 21-38.
994 1183 1134 1241 63-81).
1158 1181 1209 1240 fol.
1230 1183 1292 1242 182

131 1299 172 1320 =
188 1272 273 1349 epod.
294 1275 344 1347 17,
356 1273 496 1332 30-52.
516 1291 542 1330 a.
561 1292 589 1347 p.
612 1272 728 1330 1-63.
765 1271 864 1331 Antea
886 1270 978 1331 etiam
997 1262 1208 1352 (lithograph.)
1228 1289 1293 1347 666

131 1362 163 1421 C.
182 1362 389 1436 Kirehnernm,
413 1381 482 1423 666.
507 1363 622 1438 quaest.
645 1360 751 1419 Horat
786 1360 867 1436 Lips.
889 1363 984 1436 1847,
1007 1359 1067 1418 tab.
1090 1363 1105 1416 l
1128 1378 1170 1418 nr.
1192 1359 1294 1418 1=]

131 1470 221 1511 earm.
236 1451 251 1507 Ι
267 1453 318 1524 31,
335 1453 429 1509 1-6.
465 1450 573 1509 Verbis
591 1450 813 1527 descripserunt
830 1449 960 1509 codicem
979 1448 1144 1508 Α.1166161
1161 1448 1193 1506 in
1207 1448 1295 1507 Herm

135 1543 219 1600 1689
240 1561 268 1616 p.
291 1542 474 1599 161-167
495 1541 526 1599 61
544 1539 581 1598 H.
596 1538 713 1617 Hagen,
736 1539 863 1615 catalog.
883 1538 965 1598 codd.
980 1537 1067 1596 Bern.
1085 1539 1169 1597 1875
1185 1557 1229 1598 nr.
1245 1539 1296 1598 36:

132 1631 201 1690 611.
221 1630 240 1687 l.
263 1630 295 1687 16
314 1629 501 1706 praefatione
521 1628 629 1704 ectypi.
665 1627 834 1687 Horatiana
854 1627 1008 1687 61166116
1026 1627 1077 1686 fol.
1098 1628 1297 1688 167’-186“

133 1719 169 1776 16
194 1718 348 1778 nonnullis
371 1717 490 1795 paginis
508 1720 611 1776 161666
630 1718 786 1776 columnae
805 1717 890 1775 iuxta
911 1717 1029 1794 poeitae
1053 1718 1131 1775 eunt.
1159 1715 1298 1776 Versum

133 1809 501 1868 666616666132-55,
533 1806 628 1866 Valde
652 1825 775 1866 mancus
798 1810 844 1865 est
867 1808 898 1866 et
916 1806 1019 1865 ordine
1037 1805 1169 1865 confuso.
1201 1805 1299 1865 Iueun

134 1899 201 1957 uita
224 1896 495 1969 Pseudacroniaua,
513 1895 680 1955 carminum
698 1898 729 1954 et
746 1895 863 1972 epodon
882 1898 992 1971 661166,
1010 1912 1129 1954 carmen
1148 1895 1300 1954 saeculare

133 2007 159 2046 a.
184 2007 213 2063 p.
240 1988 370 2046 1-440
394 1989 424 2044 61
446 1985 555 2061 6116116
578 2004 749 2045 sermonum
771 1984 840 2043 libri
864 1984 994 2043 initium.
1032 1982 1172 2043 Carmina
1190 1986 1301 2042 tantun

134 2077 220 2135 abest
248 2079 284 2133 61
315 2075 464 2150 66661616
487 2075 561 2151 6161,
587 2079 623 2132 61
652 2073 808 2134 duodecim
838 2076 917 2150 1616,
945 2072 1057 2150 uiginti
1089 2073 1180 2132 unius
1209 2075 1303 2149 66116

133 2165 246 2240 desint,
276 2164 337 2223 alia
367 2182 471 2221 rursus
494 2163 539 2222 bis
563 2163 768 2222 inueniuntur.
816 2163 949 2238 Scriptor
971 2162 1002 2220 id
1025 2162 1215 2238 potissimum
1239 2161 1304 2240 egit

131 2254 277 2313 6166116
301 2253 409 2313 Horati
433 2254 622 2311 1661166616
646 2252 748 2312 oculos
771 2254 903 2328 poneret.
941 2250 1084 2328 Singulae
1102 2255 1204 2327 661166
1223 2270 1305 2310 6666-

131 2347 197 2402 1616
226 2344 440 2402 enumerautur
469 2341 551 2417 apud
580 2340 749 2419 Hagenum,
772 2341 834 2401 cod.
859 2342 946 2400 Bern.
971 2341 1044 2417 363,
1067 2342 1194 2416 6166161.
1218 2360 1246 2416 p.
1271 2340 1307 2398 ll.

221 2431 320 2491 Codex
350 2432 375 2489 B
410 2450 519 2506 parum
550 2430 711 2508 diligenter
746 2433 886 2489 exaratus
919 2432 965 2489 est
997 2429 1162 2506 multisque
1195 2429 1308 2488 mendis

133 2525 241 2598 scatet3
272 2522 468 2580 6666661616
492 2520 552 2580 6116
575 2520 675 2579 codice
699 2522 866 2578 correctum
888 2538 941 2578 666
965 2518 1085 2578 omnino
1114 2539 1133 2577 a
1163 2518 1310 2578 scribente

133 2614 333 2671 retractatum
360 2628 422 2670 esse
450 2613 590 2686 apparet3
617 2609 721 2686 itaque
751 2628 811 2669 uon
837 2608 948 2668 mirum
977 2607 1058 2684 quod
1084 2627 1230 2684 perquam
1259 2608 1311 2666 ab·

132 2701 215 2760 surdi
245 2719 358 2760 errores
390 2702 611 2777 remanserunt,
644 2702 680 2757 ut
711 2699 796 2776 epod.
827 2701 853 2776 1,
866 2700 907 2757 28
935 2697 1062 2771 pesculo
1094 2717 1148 2775 pro
1175 2714 1311 2771 poscam·

133 2791 217 2867 epod.
248 2792 328 2868 2,13
360 2793 544 2862 astipulantes
574 2807 627 2864 pro
656 2792 830 2861 6666616616·
860 2787 943 2863 epod.
970 2788 998 2865 2,
1014 2788 1054 2844 27
1079 2788 1227 2845 orantibus
1255 2805 1311 2862 pro

132 2881 338 2949 6666611666·
361 2878 446 2953 epod.
471 2880 529 2955 s,5
550 2878 671 2935 errolosos
689 2896 744 2952 616
762 2878 921 2946 caelaestis·
944 2874 1029 2952 epod.
1051 2878 1157 2953 14,13
1177 2876 1311 2948 (1666661

133 3022 210 3073 666,·
233 3022 259 3062 6.
283 3023 312 3078 p.
338 3004 399 3061 209
424 3003 549 3074 inplesti
571 3001 794 3077 61661661666,’
816 3019 881 3060 66.
903 3003 941 3058 21
968 2959 1042 3061 cerii
1063 3005 1132 3060 6661
1149 3001 1239 3058 denos
1257 3019 1312 3076 pro

135 3097 224 3151 certos
252 3092 398 3155 66616666·
426 3111 448 3149 6.
470 3090 529 3167 12,
546 3094 587 3150 70
611 3093 764 3164 recreatum
790 3110 844 3165 pro
863 3094 1059 3164 properatura·
1089 3109 1174 3149 serm.
1194 3089 1254 3167 Ι2,
1270 3091 1311 3150 55

135 3200 216 3241 66616
242 3198 350 3239 saeuus
377 3199 431 3255 pro
454 3198 624 3250 66166666·
653 3179 737 3255 epod.
762 3180 848 3257 8,18
877 3197 983 3238 661666
1005 3179 1234 3257 praetermissus
1259 3180 1313 3256 661,

136 3271 208 3329 item
232 3288 255 3330 6.
279 3269 325 3327 ΙΙΙ
350 3271 378 3345 6,
396 3270 546 3347 15-48,
574 3288 627 3328 666
650 3273 755 3345 666166
778 3268 900 3345 quidem
923 3268 1027 3328 additi.
1077 3269 1102 3327 B
1126 3267 1239 3328 ordinis
1267 3286 1311 3327 se·

137 3359 227 3418 eundi
250 3358 428 3435 purissimus
456 3358 542 3417 testis
565 3361 618 3436 est,
641 3357 702 3416 uid.
726 3358 858 3435 discript.
883 3357 1032 3417 classium.

225 3464 383 3524 Artissime
398 3484 467 3523 eum
480 3465 506 3522 B
520 3465 697 3524 coniunctus
712 3469 758 3525 661
772 3464 794 3523 C
809 3458 898 3548 (saec.
914 3465 957 3523 XI
971 3458 1134 3545 ineuntis),
1153 3484 1207 3540 per
1220 3465 1314 3543 longa

136 3556 235 3632 666116
251 3558 314 3614 tam
329 3556 501 3613 constanter
514 3573 582 3613 oum
597 3554 622 3612 B
637 3555 794 3632 consentit,
809 3558 844 3613 ut
858 3554 1039 3631 archetypus
1049 3554 1125 3613 liber
1134 3547 1168 3612 B'
1179 3554 1314 3614 construi

136 3645 241 3722 possit,
260 3644 289 3702 id
310 3644 389 3720 quod
403 3643 435 3701 in
454 3642 540 3705 discr.
555 3644 639 3704 class.
655 3644 690 3703 de
705 3644 887 3703 carminibus
901 3643 946 3700 ΠΙ
963 3646 1013 3722 27,
1031 3646 1071 3703 10
1086 3663 1148 3720 sqq.
1164 3643 1314 3719 usquead

137 3734 247 3811 epodos
258 3736 329 3793 extr.
338 3737 369 3792 et
378 3733 413 3791 de
424 3732 553 3792 carmine
564 3733 711 3793 saeculari
721 3737 752 3793 et
761 3733 797 3792 de
808 3737 871 3792 arte
880 3732 999 3808 poetica
1010 3733 1249 3792 demonstratum
1258 3735 1313 3791 est.

227 3839 368 3916 Inprimis
394 3839 487 3917 digna
517 3842 589 3898 sunt
619 3858 696 3916 quac
725 3842 869 3899 notentur
898 3840 971 3899 haec
999 3840 1107 3900 menda
1129 3839 1315 3899 eommunia:

139 3950 163 3990 6.
186 3930 232 3987 III
248 3933 299 4006 27,
316 3931 357 3987 34
381 3923 582 3988 6161661118
606 3921 663 4010 (==
678 3922 748 4011 BC)
771 3950 824 4006 pro
848 3948 864 3988 6
888 3931 1024 3990 relictum.

272 4055 297 4094 6.
317 4057 345 4111 6.
407 4038 424 4095 5
448 4038 531 4095 66661
554 4056 608 4112 616
631 4037 754 4095 61166661
777 4030 812 4094 B'

272 4145 298 4185 a.
317 4146 346 4201 p.
386 4128 425 4184 79
450 4126 626 4184 nimbosum
648 4120 683 4183 B‘

273 4235 300 4273 a
318 4216 427 4291 6234
450 4217 566 4272 666166
588 4235 642 4291 616
666 4215 786 4273 nornine
808 4208 843 4273 B‘

273 4324 298 4363 a.
318 4324 346 4380 p.
363 4307 426 4364 238
451 4304 607 4362 6611661666
630 4323 684 4380 616
707 4304 849 4363 orichalco
872 4300 906 4363 B‘

272 4411 298 4451 a.
317 4414 345 4469 p.
364 4396 425 4454 279
445 4395 574 4468 6616616
597 4386 631 4451 B'

274 4500 299 4540 a.
319 4503 347 4558 p.
364 4485 427 4541 288
451 4485 554 4558 togatis
576 4502 630 4559 pro
654 4487 766 4557 1666166
789 4477 822 4543 B'
