2866 5016
448 335 638 395 excusem
659 334 872 404 cavovmus
1141 291 1143 294 ’
1177 334 1242 401 369

157 507 199 558 82.
219 521 246 572 p.
258 507 317 557 141.
355 501 466 557 Miluio.
505 499 631 565 Quatuor
654 501 713 556 cod.
733 499 863 556 Blandin.
888 516 951 554 oum
970 496 1077 553 Buslid.
1097 498 1120 550 le
1139 496 1213 553 Carr.
1222 499 1241 567 ¹)

108 583 174 637 berit
192 583 280 637 Miloo
299 598 349 652 per
367 580 504 637 diaeresin.

156 669 199 718 33.
238 664 357 718 Credula
379 679 428 718 nec
450 678 542 716 rocos.
575 661 633 715 haec
658 660 745 715 dictio
768 678 867 728 rauus,
895 661 940 716 vel
963 662 981 714 rt
1004 659 1096 715 colore
1117 658 1241 713 Leonum

107 743 116 796 i
130 743 242 797 medios
256 746 301 797 551
314 742 388 796 inter
401 742 506 795 flauum
522 740 545 793 lu
560 740 681 809 cossium,
702 741 745 797 rel
761 743 797 796 ab
812 741 900 796 oculis
919 742 1040 808 illorum,
1060 741 1153 810 aptior
1171 740 1242 795 mihi

109 840 127 877 a
150 825 196 878 est
220 824 305 891 quiem
328 822 431 891 flacus,
455 821 611 891 praesertim
635 821 665 875 iu
688 838 749 876 eam
774 821 1014 877 consentientibus
1038 824 1159 890 quatuor
1180 821 1240 877 cod.

108 903 168 958 end.
187 901 288 958 iccirco
308 902 387 956 illam
406 919 456 957 suo
476 901 537 956 loco
556 902 656 971 putaui
674 919 730 957 uon
748 919 810 957 esse
828 903 1004 957 mouendam.

157 990 200 1039 51.
238 984 625 1055 015555955111155555515.
664 989 687 1037 4.
708 983 768 1037 cod.
789 983 894 1038 habent
912 982 988 1037 ouili.

157 1074 237 1143 epod.
253 1072 302 1128 ll.
326 1076 427 1142 5150.
467 1055 547 1126 HOC
570 1088 684 1126 carmen
704 1089 795 1141 nsque
819 1072 936 1142 Epodon
955 1071 1120 1142 inscriptam
1143 1071 1172 1126 in
1196 1071 1241 1126 bis

108 1153 151 1266 ldfl
164 1156 270 1223 (p.151)
290 1152 389 1206 Bland.
404 1152 526 1222 inuenio,
542 1169 605 1222 neq;
625 1152 706 1220 oden,
722 1152 806 1207 sicuti
819 1169 870 1207 nec
885 1153 1057 1223 praecedens:
1077 1151 1161 1207 Cuius
1175 1152 1242 1207 Lec-

109 1295 154 1333 em
172 1277 310 1332 monitum
325 1277 408 1346 volui,
428 1276 511 1347 cirino
525 1276 555 1331 in
569 1277 733 1331 memoriam
748 1278 941 1348 reno-{catum
961 1294 996 1332 ne
1011 1277 1131 1332 fortasse
1146 1293 1241 1332 eorum

108 1388 109 1393 .
134 1358 325 1413 immemorem
354 1358 473 1428 iudicet,
502 1375 555 1431 que
586 1359 671 1428 supra
698 1360 762 1411 cum
786 1357 821 1412 de
846 1357 943 1427 epodis
966 1374 1059 1427 pauca
1083 1360 1241 1412 controuer-

109 1442 126 1494 5
151 1437 405 1510 dissererem-{siue
428 1437 487 1492 dixi
511 1454 556 1492 me
579 1436 760 1508 peculiariter
783 1436 812 1491 in
833 1437 876 1491 his
901 1437 961 1492 cod.
981 1440 1095 1492 notasse
1118 1436 1243 1492 carmina
1304 1494 1307 1500 ,

121 1519 176 1573 hoc
201 1536 284 1589 opere
312 1520 441 1589 quaedum
469 1535 560 1586 nequo
583 1517 688 1587 Epodi‚
716 1533 807 1584 neque
834 1516 907 1571 Odes
936 1516 1040 1572 habere
1068 1517 1240 1587 adscriptam

108 1600 249 1669 'mraphsn

156 1686 197 1735 11.
217 1698 243 1750 p.
256 1687 315 1736 152.
358 1682 472 1736 Venere.
511 1677 665 1734 Lambinus
688 1695 742 1733 non
763 1678 855 1732 minus
874 1677 985 1748 copiose
1005 1681 1089 1747 quam
1108 1679 1241 1749 probabi-

108 1777 131 1814 er
149 1759 195 1814 hic
214 1760 317 1815 asserit
334 1760 485 1830 legendum
504 1775 573 1827 esse,
598 1760 699 1826 luxere,
719 1775 803 1827 quam
823 1757 937 1826 quidem
956 1757 1106 1813 lectionem
1124 1775 1180 1812 non
1199 1776 1241 1813 ro-

108 1841 168 1909 >b03
191 1857 288 1895 serum
312 1844 407 1896 tamon
432 1839 520 1894 malui
540 1855 651 1893 seruare
671 1838 816 1908 antiquam
836 1844 861 1894 4.
881 1837 968 1893 codic.
989 1837 1242 1892 Blandiniorumt'

108 1920 148 1974 ius
167 1921 243 1976 Cart.
267 1921 321 1975 bac
345 1921 454 1975 ratione
472 1919 633 1990 prisci-'pue
652 1919 689 1972 ad
709 1918 738 1981 id
759 1918 899 1988 inductus,
919 1919 994 1986 quod
1014 1918 1043 1970 in
1058 1918 1168 1972 duobus
1182 1919 1242 1973 cod.

108 2001 166 2056 ind.
186 2001 244 2054 vidi
263 2002 401 2055 adnotata
420 2000 480 2053 herc
500 2000 598 2069 verba,
622 2000 732 2054 anere
750 1999 902 2069 legendum
921 2001 977 2065 est,
1001 1998 1024 2050 lu
1043 2014 1099 2052 non
1117 1998 1241 2071 1515555,

107 2082 170 2136 ibus
190 2081 283 2137 verbis
302 2082 382 2136 nulla
401 2097 501 2136 caussa
520 2082 657 2150 praterea
676 2079 801 2151 ascripta
820 2082 889 2147 erat,

157 2168 199 2216 18.
236 2163 364 2231 Relatus,
389 2162 444 2215 duo
463 2161 523 2216 cod.
543 2159 650 2214 habeut
670 2160 789 2231 relatus,
814 2176 883 2228 quos
903 2158 1059 2230 se-lquutus
1079 2176 1153 2228 sum,
1176 2175 1239 2213 cum

108 2242 218 2298 mbino:
239 2242 291 2312 alij
311 2243 366 2296 «luo
385 2242 492 2295 habent
510 2240 645 2310 relapsus.

157 2328 198 2376 25.
218 2341 244 2393 p.
258 2328 316 2379 153.
360 2322 465 2394 1111951
484 2325 554 2377 diem
572 2339 636 2376 nox.
674 2320 729 2376 duo
748 2321 809 2376 cod.
829 2320 935 2374 habent
952 2326 1054 2391 orpuet.

156 2408 199 2458 33.
229 2404 333 2459 Virens.
364 2403 418 2457 hoc
435 2401 617 2473 participium
636 2400 666 2455 in
684 2408 710 2455 4.
730 2401 790 2457 cod.
810 2400 977 2472 scri-{ptum
995 2398 1094 2453 tollere
1114 2416 1164 2452 suo
1183 2399 1243 2453 loco

108 2483 159 2553 lui,

156 2570 198 2619 50.
218 2582 246 2633 p.
258 2569 317 2620 155.
356 2566 538 2619 Pactumeius.
577 2561 622 2617 Sic
650 2559 762 2632 repperi
789 2560 862 2634 scri-l
871 2563 950 2630 ptum
978 2560 1007 2614 in
1036 2563 1158 2628 qiratuor
1181 2562 1243 2616 cod.
1294 2606 1299 2613 .

108 2645 200 2700 andin.
219 2662 282 2698 cum
302 2644 407 2699 Buslid.
428 2644 451 2697 e
471 2643 546 2698 Gerr.
566 2642 589 2694 le
609 2640 853 2707 annotationibus3

155 2731 198 2778 65.
223 2743 250 2794 p.
268 2729 325 2780 156.
363 2726 459 2793 Infidi.
498 2723 538 2777 sic
565 2722 661 2777 inueni
688 2722 717 2777 in
745 2729 770 2776 4.
800 2721 859 2777 cod.
888 2738 952 2774 oum
979 2720 1243 2791 iuter-{pretatione

108 2804 206 2875 posita.

157 2891 199 2939 67.
240 2885 383 2956 Oblipotus
402 2885 472 2939 oliti.
511 2883 550 2938 sic
568 2883 655 2939 etiam
674 2882 782 2937 habeut
799 2888 824 2937 4.
844 2881 904 2936 cod.

157 2971 199 3021 72.
236 2966 339 3020 Ncetes.
381 2965 435 3018 duo
456 2966 516 3020 cod.
536 2963 643 3019 habent
660 2966 764 3032 nectes,
783 2962 832 3032 nlij
853 2963 907 3016 duo
926 2961 1061 3017 innectes.

156 3051 198 3100 78.
236 3046 377 3116 Deripere.
416 3045 458 3099 ita
482 3045 616 3115 scriptum
640 3047 684 3098 est
705 3043 735 3097 in
758 3043 869 3113 tri-,bus
894 3041 1012 3098 codicib.
1050 3042 1099 3096 sod
1126 3045 1243 3110 quartus

108 3126 162 3191 bet,
182 3125 310 3196 diripere.

155 3211 198 3260 81.
236 3205 345 3262 Plorem
364 3209 433 3261 ortis
457 3208 488 3260 in
509 3212 533 3260 te
555 3207 598 3260 m'l
620 3207 728 3276 aperitis
749 3207 858 3259 exitam.
897 3203 952 3257 duo
976 3203 1037 3258 cod.
1060 3203 1179 3272 habent,
1203 3202 1244 3257 uil

108 3286 180 3342 entis
208 3286 328 3354 exitum3
357 3285 405 3355 alij
431 3286 500 3354 duo,
527 3285 567 3339 nil
596 3285 706 3355 agentis
730 3284 830 3339 exitus.
864 3283 894 3337 in
923 3282 984 3338 vnis
1013 3283 1244 3338 annotationibus

108 3367 223 3437 i-thum
243 3367 295 3437 551,
313 3366 438 3434 nunquid
457 3365 564 3435 plorem
584 3369 673 3419 artem
691 3381 784 3420 meum
801 3381 856 3417 non
870 3364 1022 3418 habentem
1037 3363 1066 3417 in
1080 3367 1109 3418 te
1128 3364 1243 3431 exitum,

108 3465 155 3502 um
174 3447 282 3501 maiora
299 3446 422 3517 possim?

158 3546 185 3598 p.
200 3533 249 3581 157
253 3573 258 3583 ,
298 3527 414 3582 Oarrrren
431 3528 560 3582 saecrsloro
573 3568 579 3580 .
591 3568 615 3582 ..

158 3615 182 3663 5.
202 3628 228 3679 p.
241 3613 299 3664 168.
339 3609 398 3678 an
422 3607 553 3679 Sibyllini
575 3623 700 3661 morerere
722 3623 821 3662 555555.
858 3606 979 3674 quatuor
1002 3603 1113 3659 codices
1141 3604 1241 3659 Bland.

108 3689 174 3744 bont
192 3691 246 3742 vnis
266 3705 329 3741 cum
348 3686 410 3742 Cur.
429 3685 591 3756 exemplari,
613 3687 692 3757 Quod
710 3686 841 3758 Sibyllini
859 3703 992 3741 raoauere.

156 3774 199 3823 21.
217 3787 244 3838 p.
257 3773 316 3823 169.
354 3767 449 3823 05155
467 3769 594 3824 undenos.
632 3766 673 3821 ita
696 3766 831 3835 scriptum
852 3764 948 3819 inueni
966 3765 996 3818 in
1014 3766 1136 3832 quatuor
1154 3763 1243 3819 codic.

108 3850 199 3905 andin.
219 3849 241 3902 e
261 3848 335 3904 Cart.

155 3949 182 4000 p.
196 3936 255 3985 170.
292 3929 367 3983 Nam
391 3927 466 3998 quod
489 3927 601 3982 nomine
624 3925 787 3997 Porphyrio.
811 3925 840 3979 in
865 3925 988 3996 vulgatis
1012 3924 1092 3979 libris
1114 3923 1242 3994 habetur,

108 4011 179 4066 licet
198 4009 327 4080 syllepsis
347 4012 403 4079 551,
427 4025 460 4063 ex
479 4008 564 4062 verbo
583 4007 657 4061 enim
677 4006 828 4076 singularis
847 4006 967 4075 numeri,
995 4008 1101 4074 seruet,
1124 4003 1244 4073 pluralis

108 4092 195 4148 scitur
218 4092 342 4146 seruent:
367 4090 420 4144 hoo
445 4106 497 4159 ego
521 4087 617 4142 iuueni
634 4087 664 4140 in
683 4104 737 4143 vno
756 4087 852 4141 codice
871 4084 1051 4156 Blan-jdinio,
1075 4084 1241 4140 adnotatum

108 4191 122 4227 c
140 4172 236 4241 modo,
256 4171 359 4226 Sensus
379 4173 458 4225 5515
477 4167 625 4238 singulari,
650 4168 777 4240 ser-lust,
801 4167 838 4220 ad
861 4164 984 4235 plurale,
1008 4167 1131 4232 seruate,
1156 4167 1187 4219 vt
1205 4163 1243 4219 sit

107 4252 157 4306 do:
183 4250 204 4305 0
224 4267 272 4304 vos
292 4266 404 4305 voraces
423 4250 552 4320 Par-lose,
576 4250 687 4303 seruato
706 4248 781 4317 quod
800 4246 906 4301 dietum
930 4248 974 4299 est
992 4261 1041 4298 vos
1066 4244 1153 4299 semel
1172 4244 1243 4299 coci-

158 4478 186 4544 1)
203 4473 291 4528 miluo
310 4473 368 4530 cod.
384 4473 461 4529 Gorr.

120 4575 250 4616 Hormus
263 4575 281 4615 1.
302 4574 336 4614 od.
347 4576 367 4615 8.
