2866 5016
551 292 619 349 LIB.
632 293 680 348 ΠΙ.
701 297 806 348 11-12

350 460 421 520 (lum
444 460 524 521 lauet
547 479 604 520 nox
629 468 659 521 el
683 460 794 540 Venus,
817 462 828 520 i
852 459 983 522 secundo

350 570 447 628 omine
471 575 501 627 'ei
524 570 619 628 nostri
643 585 806 628 memorem
829 566 987 647 sepulchro

393 674 491 755 scalpe
515 671 698 754 qurerellamf

570 868 678 874 -.-———
698 868 783 875 ---

636 993 715 1066 XII.

224 1139 399 1200 Miserarum
422 1145 468 1198 esl
491 1155 588 1217 neque
612 1139 705 1198 umori
729 1137 800 1198 dare
823 1135 930 1198 ludum
950 1154 1046 1216 neque
1071 1135 1151 1197 duloi

181 1328 218 1384 50
238 1328 270 1384 S:
290 1327 472 1394 Ou.her.14‚
488 1331 534 1381 ‘112
559 1327 625 1380 dum
648 1342 703 1381 nox
728 1326 808 1396 sinii,
833 1325 938 1396 effuge!
958 1325 1017 1379 dixi
1069 1324 1105 1382 51
1118 1343 1159 1395 sq.
1180 1325 1261 1382 ‘lieet

88 1400 162 1454 haee
180 1399 336 1470 antiquitas
353 1414 411 1469 per.
422 1397 572 1467 &nononis
590 1397 609 1454 i.
624 1414 648 1453 e.
663 1398 761 1452 ablalu
779 1399 791 1452 Ι
810 1398 907 1452 littere
925 1397 1129 1466 enuntieuerii,
1149 1399 1181 1451 ul
1198 1397 1260 1467 ipse

89 1472 125 1525 de
146 1488 175 1524 se
194 1471 259 1526 Hor.
332 1468 407 1524 uatis
421 1468 522 1524 Horati
539 1485 691 1524 memorem
706 1469 853 1539 sepulchro
869 1467 964 1593 sculpe
978 1467 1144 1538 querellum'
1159 1467 1261 1523 iuoerbi

140 1541 266 1597 mmeliei
284 1542 384 1612 fragm.
400 1540 435 1595 de
453 1540 566 1596 nomine
584 1544 614 1595 et
632 1538 796 1610 pronomine
815 1540 868 1610 (ed.
879 1539 930 1595 uic
951 1539 1055 1609 enleld)
1069 1545 1111 1606 §2
1158 1540 1193 1597 8:
1209 1539 1260 1595 Ou.

85 1558 146 1668 gbl.
162 1619 205 1683 14,
222 1619 356 1683 128sqq.:
385 1610 581 1682 soulpteque
609 1611 666 1666 sini
691 1610 775 1666 tilulo
800 1613 898 1666 nostru
922 1610 1051 1680 sepulcra
1073 1610 1166 1667 breui:
1195 1611 1260 1666 exul

87 1684 300 1766 Hypermestre,
325 1682 448 1753 prelium
471 1682 588 1752 pietatis
613 1682 754 1752 iniquum,
780 1699 866 1752 quam
892 1685 1010 1736 mortem
1026 1681 1117 1781 efruiti
1141 1682 1260 1765 depulit²

86 1754 455 1907 Malillclriulr’l
471 1753 1001 1907 urlliflirlllmolliri*
1014 1755 1261 1894 MMMM

85 1897 242 1952 Traianeae
268 1916 287 1967 p
307 1895 410 1952 ramirli
434 1896 479 1950 1111
504 1897 541 1950 ad
564 1896 630 1952 Grue
656 1899 833 1951 oonstructae
856 1896 1002 1965 insculpi,
1026 1896 1054 1952 C.
1069 1896 1090 1951 1.
1104 1896 1134 1951 L.
1154 1895 1194 1951 111
1212 1902 1259 1953 21:

84 1968 147 2022 uidi
169 1915 332 2038 pyremilee
356 1968 416 2022 sine
438 1970 480 2035 ie,
504 1967 786 2038 dulcissimorum,
809 1970 840 2022 ei
856 1966 911 2022 tibi
932 1967 1008 2037 quod
1026 1966 1107 2036 potui
1126 1966 1259 2022 laorimes

85 2039 132 2095 hie
152 2043 263 2094 maeele
283 2038 396 2109 profudi
417 2042 447 2093 el
466 2038 578 2093 nostri
599 2054 776 2093 memorem
797 2038 888 2093 luelus
907 2038 981 2093 huno
1000 2037 1119 2108 sculpo
1138 2054 1258 2108 quere-

84 2110 150 2165 lam
165 2114 175 2181 ΙΙ
190 2113 255 2166 Aue.
270 2112 379 2181 parent.
394 2115 436 2179 10,
453 2116 481 2166 1:
499 2109 638 2165 memori
711 2109 868 2179 querella

173 2200 273 2255 11112.
310 2200 445 2254 Alcaeum
470 2197 598 2253 imitatus
624 2214 685 2252 esse
708 2198 821 2254 uidetur
837 2198 986 2269 Herelius,
1012 2198 1069 2254 uid.
1084 2198 1117 2253 fr.
1133 2203 1181 2255 ὅθι
1210 2199 1257 2270 ἔμε

84 2272 191 2339 bellus,
211 2271 258 2342 ἔμε
277 2280 371 2325 πασᾶν
391 2269 553 2326 κακοτάτων
571 2268 740 2339 nerle'zotuuv
842 2270 920 2324 1-3
943 2271 976 2326 T:
999 2269 1112 2325 Fortun.
1128 2288 1154 2340 p.
1170 2276 1222 2326 303

81 2343 195 2398 Tereul.
210 2361 237 2413 p.
253 2347 303 2398 387
347 2342 453 2397 Victor.
468 2359 493 2410 p.
511 2347 561 2396 129
607 2340 683 2396 idem
703 2341 737 2396 de
756 2358 792 2397 m.
807 2341 874 2398 Hor.
888 2360 915 2412 p.
931 2346 983 2397 169
1064 2340 1095 2394 hi
1113 2357 1209 2396 omnes
1228 2341 1258 2396 in

175 2531 202 2582 o
221 2555 255 2575 ι,
275 2527 797 2601 emmeorepavorpom]
880 2527 918 2584 eo
946 2528 957 2582 i
984 2531 1059 2585 one.
1084 2530 1205 2600 repre

83 2646 120 2702 51
148 2612 236 2701 0m¹no
256 2663 275 2700 a
365 2642 492 2713 sepulcro
515 2643 653 2699 BOFau
681 2645 828 2715 sepulchro
847 2652 905 2700 cett.
924 2646 1119 2716 promeruimus
1139 2647 1258 2701 incertus

174 2724 212 2781 52
241 2724 343 2793 Sculpe
366 2724 641 2794 Remleeuperarr.u
678 2724 779 2795 Scalpe
806 2733 866 2781 cett.
888 2727 1083 2796 prummolieue
1104 2742 1258 2797 anonymus

80 2805 222 2877 (‘Sealpe]
240 2802 322 2858 coela
339 2802 446 2872 seulpe'
466 2803 545 2874 ploos.
562 2806 598 2872 Γ)
618 2807 644 2872 ()
699 2804 854 2873 querellam
872 2806 957 2861 anr
979 2807 1173 2876 psammeticus
1191 2823 1256 2862 ooo·

81 2903 184 2961 symae
200 2883 349 2954 (q.rellem
367 2883 419 2949 m)
448 2881 642 2950 quaerelaml.
670 2883 812 2953 querelam
830 2892 889 2940 cell.
903 2885 984 2940 Reus

179 2973 219 3029 111
238 2979 279 3028 lu.
317 2969 467 3026 SVAVEM
485 2970 616 3041 (SVAVE
631 2976 660 3042 a)
678 2973 795 3027 VITAM
814 2973 911 3044 (vimi
925 2976 954 3042 a)
971 2973 1051 3029 NON
1068 2973 1156 3029 ussi]
1175 2973 1257 3029 SINE

83 3052 336 3110 IVCVNDITATE
355 3050 439 3120 (1002
461 3052 547 3120 Otos)
571 3051 619 3105 ET
641 3052 770 3109 AMORE
789 3053 901 3109 A'Bov
954 3053 1187 3109 PARANETIOE
1207 3054 1257 3108 AD

82 3133 284 3190 NEOBVLEN
308 3130 470 3202 (NEVLEN
497 3150 519 3200 φ
551 3130 752 3187 NEVBVLEN
775 3144 800 3200 ψ
832 3132 1027 3189 Neossouem
1056 3135 1076 3204 l)
1108 3133 1258 3189 SVAVEM

80 3213 201 3269 VITAM
214 3212 291 3268 NON
307 3210 393 3267 ESSE
412 3210 494 3266 smu
509 3211 756 3268 IVCVNDITATE
770 3211 1021 3282 (lOOUNDITere
1033 3215 1054 3282 l)
1068 3213 1115 3269 ET
1128 3215 1257 3270 AMORE

83 3295 141 3350 Fr
170 3289 401 3348 PARANMTICE
418 3291 466 3345 AD
480 3291 682 3348 NEOBVLEM
696 3292 932 3361 (Neossvueue)
946 3314 989 3364 yar
1024 3295 1257 3351 PARANETICE

82 3383 133 3438 ΔΙ)
168 3380 341 3436 euveum:
368 3379 607 3437 MERETRIOEM
630 3401 666 3451 u;
697 3383 809 3438 tilulum
830 3385 906 3439 omis.
927 3385 958 3452 ὃ,
985 3385 1044 3439 siue
1066 3386 1214 3440 inteneullo
1232 3393 1258 3442 et

82 3465 176 3519 littera
192 3463 296 3518 maiore
310 3462 338 3517 R
412 3460 484 3515 ‘Hoe
497 3464 617 3516 metrum
631 3462 679 3532 (M.
694 3462 748 3517 hoo
763 3463 800 3530 0)
819 3466 931 3517 constal
949 3480 983 3517 ex
997 3465 1082 3533 (omis.
1098 3465 1257 3535 Pseuduer.)

82 3542 178 3599 lonico
191 3540 299 3597 minore
313 3545 343 3596 et
352 3543 396 3596 esi
405 3541 514 3595 duobus
528 3541 626 3612 primia
641 3541 769 3597 uersibus
780 3542 947 3612 trimetrum,
961 3542 1004 3598 ile
1015 3544 1256 3615 (om.Pseuduer.):

81 3622 249 3677 Miserarum
267 3620 409 3691 (miserum
429 3621 468 3691 0)
487 3624 538 3677 est.
566 3637 658 3692 neque
676 3622 772 3678 amori.
802 3623 869 3677 dere
887 3622 986 3678 ludum
1058 3623 1157 3692 Neque
1172 3624 1256 3680 dulei.

82 3702 160 3757 male
178 3700 272 3769 (mele.
292 3702 331 3771 Β)
350 3700 424 3756 uino.
453 3700 549 3756 lauere
567 3705 618 3756 aul
636 3718 670 3756 ex
686 3702 825 3759 ..tertius
849 3719 915 3757 uero
934 3706 1020 3772 (omes
1038 3703 1072 3773 0)
1091 3705 1257 3759 tetrameter

82 3782 229 3838 scanditur
246 3781 301 3837 ila:
320 3780 454 3837 Auimeri.
474 3780 540 3851 (uni.
559 3781 639 3837 mari.
657 3782 692 3851 0)
712 3781 862 3838 melueuiis
880 3784 1049 3853 (metuentes
1069 3783 1112 3854 0).
1136 3786 1256 3854 patruae

80 3866 194 3935 (patrue
212 3862 370 3930 Pecudaer.)
393 3877 450 3917 uer.
470 3860 538 3916 bera
561 3860 687 3933 linguee’
709 3864 855 3927 Pseodoer.
870 3866 951 3920 ellit.
971 3865 999 3920 B
1014 3864 1038 3921 0
1052 3865 1094 3934 (in
1113 3865 1256 3934 Opunetu

77 3947 183 4016 purtim
201 3944 273 4011 salso
292 3944 441 3998 distributa
457 3944 533 4011 eeu)

169 4033 208 4088 In
229 4033 308 4088 libris
330 4032 397 4087 tales
421 4031 612 4102 dieuiptiooee
639 4034 836 4089 inueniuntur:
863 4032 1031 4088 Miserarum
1050 4064 1083 4074 —
1102 4032 1201 4102 Neque
1218 4065 1255 4076 -

80 4111 209 4168 Animuri
232 4142 265 4152 -
284 4111 349 4166 Tibi
367 4143 403 4153 -
421 4110 486 4165 Tibi
506 4142 539 4150 -
559 4111 689 4167 Studium
709 4145 742 4154 -
764 4113 854 4169 Simul
873 4145 907 4155 -
925 4114 977 4169 vit
994 4145 1027 4155 -
1047 4113 1130 4168 Lero:
1150 4145 1184 4155 -
1204 4114 1256 4171 Ga·

79 4197 126 4249 tus
145 4224 180 4235 -
200 4191 317 4262 Aqitslo
336 4224 370 4233 —
395 4191 475 4247 Celer
498 4222 530 4232 -
554 4191 621 4248 ΑΒ
648 4199 763 4249 consent.
794 4195 988 4262 Terentianus,
1020 4193 1178 4250 Victorinus
1204 4197 1255 4266 bia,

82 4275 322 4341 Romanensem
344 4274 514 4329 simillimum
540 4274 572 4328 in
598 4273 720 4341 modurn,
746 4275 793 4329 sed
823 4273 907 4328 Leuil
933 4281 959 4330 et
980 4272 1050 4330 Bell.
1074 4274 1219 4347 AaOFyr

80 4354 247 4410 Miserarum
270 4384 304 4393 —
328 4352 426 4420 Neque
450 4384 483 4392 -
508 4352 669 4407 Exemiueri
693 4384 725 4393 -
745 4352 810 4407 Tibi
834 4383 867 4393 —
892 4353 999 4427 (Tibi)
1018 4386 1052 4396 -
1071 4353 1202 4410 Studium
1219 4387 1252 4398 -

83 4433 173 4490 Simul
192 4464 225 4474 —
243 4431 329 4487 Leuil
348 4464 381 4473 -
400 4430 469 4487 Bell.
488 4463 524 4473 -
543 4431 628 4488 Calua
644 4464 677 4474 -
691 4432 809 4502 Agitato
825 4432 953 4491 -Celer
971 4435 999 4490 R
1038 4433 1203 4492 Miserarum
1218 4468 1252 4479 -
