2866 5016
130 278 230 335 LXXII
610 277 824 335 PRAEFATIO.

128 454 175 512 est
203 452 261 510 nisi
284 451 476 529 paraphrasis
499 451 589 512 schol.
616 453 645 509 Γ
669 452 806 512 confecta
829 453 879 511 uel
907 450 944 511 ab
967 448 1099 511 Alcuino
1122 449 1186 528 ipso
1211 448 1248 513 nd

130 558 277 636 discipulo
306 559 438 635 quodam
464 559 554 618 huius
578 559 715 637 magistri
743 559 861 618 saeculo
885 558 989 635 VIIII3
1016 559 1160 618 lemmata
1185 576 1248 635 sun]

130 666 194 707 esse
221 668 257 707 ex
288 649 365 708 libro
398 649 501 726 aliquo
532 648 639 707 tertiae
670 649 773 707 classis
806 648 1079 709 demonstrauimus
1105 648 1138 707 in
1166 648 1248 707 Zeitse

130 738 150 795 f.
170 737 197 796 d.
217 740 319 798 osterr.
340 737 446 814 Gymn.
469 739 552 795 1877
577 757 605 814 p.
627 739 689 796 516
702 757 764 814 sqq.

220 898 391 957 Postremos
420 916 584 958 memorare
615 898 757 957 debemus
787 899 862 958 duos
892 899 1022 977 codices,
1053 899 1107 975 qni
1142 902 1178 957 ut
1205 912 1248 958 oss

130 987 220 1046 classi
233 991 389 1064 nequeunt
405 987 541 1064 adscribi,
561 988 606 1046 its
623 991 747 1063 propter
759 988 928 1066 singulares
942 988 1088 1066 ‹luasdam
1107 990 1162 1048 aut
1180 986 1248 1047 rario

130 1077 274 1137 lectiones
292 1077 411 1153 aliquot
427 1077 501 1136 locis
515 1076 596 1135 baud
615 1077 764 1137 inutiliter
782 1077 916 1138 adhiberi
930 1081 1067 1155 possunt.
1107 1077 1186 1136 Sunt
1203 1077 1248 1136 aul

131 1165 261 1224 Parisini
284 1185 303 1223 n
323 1170 394 1225 ets.

709 1277 729 1315 n

222 1400 241 1439 n
256 1405 298 1428 =
313 1379 595 1473 Nostradamens}
593 1380 749 1440 Parisinus
766 1382 828 1440 181
848 1374 891 1461 (b
905 1381 1029 1459 I'Eglise
1047 1382 1084 1441 de
1103 1381 1189 1441 Paris
1206 1378 1244 1441 la

133 1487 387 1566 membranaceae,
411 1488 530 1548 saeculo
553 1487 596 1546 XI
619 1492 745 1548 exeunte
764 1489 901 1567 scriptus,
924 1489 1066 1548 foliorum
1087 1490 1160 1565 123,
1180 1488 1222 1545 33
1240 1504 1248 1543 ι

131 1595 219 1636 suum
247 1578 278 1635 in
303 1577 430 1655 singulis
458 1576 585 1653 paginis.
628 1577 690 1635 Fol.
716 1580 746 1635 1r
769 1578 894 1656 legitur:
927 1572 989 1637 ‘Er
1016 1579 1091 1636 douo
1115 1577 1180 1636 Dus
1208 1576 1248 1636 Go

131 1667 166 1725 dc
184 1667 310 1742 Peripnp
331 1666 472 1725 Coiwuici
490 1667 679 1734 Passiones,
700 1685 778 1725 0000
798 1660 900 1725 1734?
937 1666 1080 1727 Continet
1097 1684 1198 1741 carm,
1216 1684 1248 1743 ep

131 1775 154 1815 c.
175 1775 206 1831 s,
225 1775 250 1814 a.
270 1776 307 1831 p,
331 1755 427 1832 epist,
451 1773 535 1814 serm.
583 1755 686 1814 Scatet
709 1755 857 1831 peruersis
880 1774 914 1815 ac
933 1756 1102 1816 recentibus
1122 1751 1248 1814 lectioni

133 1849 170 1902 ut
187 1863 211 1903 c.
231 1862 253 1904 s.
274 1845 313 1902 71
335 1848 421 1903 curet.
463 1864 487 1903 c.
503 1864 524 1903 s
544 1846 585 1904 49
604 1847 709 1918 quiquo
726 1864 781 1922 pro
800 1863 938 1919 quaeque.
979 1864 1003 1906 0,
1023 1844 1115 1923 1117,
1131 1846 1171 1903 22
1192 1861 1248 1919 spei

132 1933 217 2008 epist.
241 1932 328 2010 117,
353 1935 393 1990 52
423 1934 619 1992 brundusium
641 1953 694 2008 pro
719 1935 904 1993 brundisium
930 1926 1014 2016 (cum
1043 1925 1148 2014 Mus).
1191 1932 1248 2009 opis

135 2022 185 2099 18,
210 2023 250 2079 46
280 2022 381 2080 ocultis
411 2041 465 2098 pro
496 2023 597 2081 atriolis
624 2016 708 2103 (cum
735 2024 821 2104 phi).
871 2023 955 2099 epod.
981 2026 1031 2101 17,
1057 2026 1099 2082 50
1124 2025 1248 2097 partum

135 2117 240 2169 natum
259 2115 429 2184 expertum
450 2113 511 2169 cius
530 2131 583 2187 pro
597 2116 719 2184 puel-um
738 2115 800 2171 cius
819 2107 984 2192 (archetyp.
1002 2103 1213 2192 pactuincius).

133 2202 235 2259 noster
257 2200 320 2259 cod.
339 2220 359 2258 n
382 2203 428 2258 est
451 2201 612 2258 Pulmanni
636 2201 670 2259 B.

717 2378 731 2418 S

221 2485 300 2525 s=
325 2466 519 2527 Sorbonensis
557 2467 713 2527 Parisinus
748 2469 831 2527 1578
869 2469 1113 2529 membranaceus
1150 2487 1227 2528 saec.

133 2556 284 2634 exeuntis,
308 2576 344 2616 ex
367 2556 548 2617 bibliotheca
576 2556 684 2617 Contii.
731 2556 871 2616 Continet
898 2561 959 2617 182
985 2558 1066 2618 foliis
1094 2558 1248 2634 expositioi

132 2645 287 2705 metricam
301 2649 332 2705 et
347 2647 435 2724 uitas,
451 2666 549 2725 carm,
565 2646 659 2724 epod,
674 2665 697 2706 c.
709 2664 740 2724 s,
762 2666 788 2708 a.
799 2667 836 2723 p.‚
851 2647 946 2725 epist,
962 2665 1048 2706 serm.
1076 2647 1111 2705 In
1126 2647 1248 2707 deterior

132 2734 278 2793 librorum
302 2755 426 2795 numero
449 2736 605 2812 ponendus
628 2739 681 2795 est.
723 2735 853 2794 Exhibet
875 2755 899 2796 c.
919 2736 934 2794 Ι
954 2738 982 2815 3,
1002 2737 1235 2810 36pcrrupiipuc

127 2829 265 2896 perrupit
284 2843 352 2883 cum
367 2826 513 2902 padcus.
552 2825 638 2900 epist.
659 2825 739 2902 110,
758 2827 798 2882 24
819 2827 945 2899 cupellas
959 2845 1012 2902 pro
1028 2827 1157 2899 expelles.
1181 2844 1210 2884 a
1224 2845 1248 2902 p.

131 2912 239 2969 rbeuus
257 2933 311 2987 pro
330 2914 460 2972 rhenum.
502 2913 604 2971 Etiam
623 2913 711 2972 lectio
731 2932 830 2972 rorum
849 2915 934 2990 epist.
953 2915 968 2971 Ι
990 2917 1039 2992 17,
1061 2916 1099 2972 21
1121 2934 1191 2973 oum
1215 2907 1247 2973 o‘

132 3018 186 3075 pro
210 3019 314 3058 uerum
337 3001 496 3061 recentiori
519 3001 639 3060 cuidam
667 3003 851 3063 emendatori
875 3003 1034 3063 tribuenda
1056 3003 1193 3081 uidetur3
1223 3024 1248 3080 ql

132 3088 260 3148 eundem
283 3089 375 3149 fnisse
399 3090 587 3165 suspicamur
610 3093 702 3168 atque
726 3096 880 3153 auctorem
903 3092 1012 3152 codicis
1035 3085 1083 3151 o‘'.

577 3268 720 3330 Codicum
743 3272 861 3330 classes.

220 3394 285 3452 lam
308 3413 380 3453 uero
404 3396 566 3470 postquam
589 3414 690 3454 omnes
713 3415 763 3454 eos
782 3395 906 3473 sedisse,
930 3395 983 3472 qui
1006 3395 1045 3454 ad
1067 3414 1176 3454 uerum
1200 3396 1248 3458 Ho

132 3486 304 3542 contextum
327 3483 490 3542 eruendum
513 3484 642 3543 alicuius
665 3485 809 3543 momenti
832 3503 895 3543 esse
917 3484 1073 3562 uidentur,
1095 3486 1248 3546 recensuir

132 3574 249 3632 iurem
273 3591 336 3632 esse
365 3572 504 3631 duximus
532 3573 568 3632 de
596 3573 764 3631 rationibus
792 3574 902 3632 nostris
931 3573 1042 3633 criticis
1070 3574 1102 3631 in
1129 3574 1248 3635 uniuer.

131 3663 357 3740 aliquantulum
380 3661 523 3720 disserere
547 3661 637 3738 idque
661 3662 705 3720 Ita
728 3666 842 3721 utnon
865 3663 998 3721 carmina
1021 3663 1118 3741 modo,
1142 3664 1195 3723 sed
1219 3666 1248 3725 ei

133 3771 282 3812 sermones
305 3753 396 3828 atque
421 3750 565 3825 epistulas
589 3751 810 3827 respiceremus.

222 3841 331 3901 Omnes
361 3839 431 3898 libri
460 3838 551 3898 diuisi
581 3842 653 3898 sunt
680 3839 710 3898 in
739 3840 848 3899 classes
875 3842 949 3918 tres,
980 3859 1055 3918 quas
1083 3840 1127 3900 sio
1153 3841 1219 3903 fers
1243 3842 1248 3903 i

131 3931 287 3991 deliniars:

218 4020 320 4079 Prima
342 4017 445 4078 classis
464 4042 506 4064 =
526 4011 615 4097 syD'
635 4010 712 4098 (Dc)
731 4009 845 4099 ξ’(ξΜ)
865 4017 989 4095 ubique;

345 4109 376 4167 in
400 4126 498 4184 sarm,
522 4125 616 4185 serm,
640 4107 826 4183 apetiam
848 4108 883 4165 Ε.

347 4198 378 4256 in
402 4197 541 4274 epistulis
565 4197 601 4256 A.

345 4287 500 4346 Accedunt
517 4286 544 4345 u
563 4287 594 4344 et
612 4308 630 4344 ν
648 4286 701 4345 ubi
719 4306 779 4344 non
797 4284 918 4344 tertiam
932 4285 1056 4345 classem
1070 4291 1248 4363 repraesent

345 4375 424 4435 Item
446 4376 457 4434 i
480 4374 663 4452 ubicumque
687 4395 746 4434 non
770 4394 838 4433 cum
862 4375 992 4434 secunda
1015 4376 1108 4435 classe
1131 4377 1215 4439 facit

224 4465 378 4527 Secundae
397 4465 500 4524 classis
522 4464 593 4524 uide
612 4465 732 4526 schema
755 4483 847 4540 supra
865 4463 980 4541 pictum
1003 4485 1031 4540 p.
1050 4465 1163 4526 XVIII.
