2866 5016
148 296 214 361 362
515 294 707 353 exoneras
726 295 947 362 ORVQVIANA.

147 475 210 512 sum
228 458 288 512 hscc
306 458 405 515 verba:
424 476 459 514 ex
476 458 606 527 inuersis,
624 476 739 529 usturam
756 459 857 529 templa
875 459 980 515 violatu
996 464 1063 514 sant
1075 460 1108 514 in
1122 457 1215 512 Italia
1227 474 1247 511 o
1260 459 1318 514 Poc-

146 542 201 607 nis,
214 541 311 595 eaeinde
325 542 392 595 recti
405 539 480 612 ιιι-με
495 557 593 609 cupere
607 541 661 610 Drj
670 540 804 596 Ronmai:
820 542 905 611 ...(p.
917 542 961 609 56)
977 582 1018 595 ...
1035 538 1118 605 Quod
1133 540 1230 593 autam
1245 537 1316 593 Gom·

148 621 297 688 mentator,
315 623 432 690 rectum,
451 620 660 689 interpretetur,
680 619 842 690 propitium,
862 636 918 674 non
937 618 1052 674 memini
1071 635 1117 672 me
1136 617 1253 689 legisse:

236 706 279 755 65.
316 701 429 757 Messes.
466 701 521 756 duo
541 699 651 755 codices
670 699 771 815 {iffi
785 703 795 770 ll
808 703 845 771 (p.
856 701 902 771 57)
920 699 1027 754 habent
1043 715 1158 768 surm,

740 785 756 814 n

237 832 278 881 73,
316 826 476 895 Perficiuat.
515 825 555 881 sic
577 826 666 881 habet
688 827 776 881 codex
799 824 969 899 an-{tiquiss
989 823 1090 879 Blaud.
1114 840 1201 893 quem
1224 825 1313 880 ceteris

145 905 336 977 probatiorem
355 906 479 980 iudi-loo,

236 993 278 1043 76.
306 988 361 1043 Per
377 988 544 1044 caccabelli.
573 986 648 1041 idem
663 987 751 1041 codex
763 986 810 1041 hic
823 985 919 1057 habet,
937 986 1082 1057 peracuta,
1102 985 1188 1041 rnica
1201 985 1313 1041 dictione

148 1067 317 1138 composita:
1167 1116 1170 1121 .

237 1149 305 1203 1111
324 1148 354 1216 5,
365 1154 390 1204 7.
409 1167 437 1218 p.
448 1153 482 1204 63
501 1151 568 1220 (loco
583 1150 635 1218 62).
666 1148 781 1204 Gratius
794 1150 817 1204 it
830 1149 896 1203 dics.
924 1164 994 1201 rnus
1009 1146 1098 1200 codex
1112 1146 1215 1201 Bland.
1230 1147 1313 1216 bsbst,

149 1229 263 1286 (iratior
282 1231 306 1284 d
324 1230 382 1285 dics
461 1229 539 1283 Idem
557 1229 645 1284 codex
664 1230 710 1283 hic
728 1227 824 1295 habet,
843 1229 958 1296 efflslsit:
977 1226 1026 1296 alij
1047 1225 1104 1281 duo
1123 1228 1249 1294 adfulsit.

238 1315 279 1365 12.
317 1310 439 1365 Distinet
458 1327 476 1364 a
494 1311 579 1365 domo.
612 1308 654 1363 ita
674 1306 805 1363 scribitur
822 1307 852 1362 in
871 1307 963 1362 tribus
982 1306 1128 1362 codicibus
1147 1307 1247 1363 Bland.
1266 1323 1313 1362 rcc-

149 1387 205 1443 tius
225 1389 411 1445 meoiudicio
431 1392 516 1458 quim
535 1390 657 1459 detinet;

239 1476 280 1525 14.
318 1471 425 1526 Littorc
444 1472 572 1526 demersat.
605 1473 662 1525 tres
681 1468 792 1524 codices
810 1468 918 1523 habent
936 1470 1074 1533 Dimouct.

239 1557 281 1607 34.
301 1571 327 1621 p.
339 1557 373 1605 64
392 1553 459 1621 (loco
474 1554 526 1620 63).
555 1552 662 1618 Dcsuso
676 1553 790 1620 putoris.
824 1548 865 1604 sic
883 1547 971 1604 codex
990 1547 1207 1617 antiquissimus
1226 1548 1312 1602 babet:

150 1631 199 1702 alij
220 1632 275 1686 duo
295 1632 470 1703 se-lquuutur
489 1631 606 1703 vulgata
624 1631 753 1688 lectione.

236 1712 406 1782 11116,11.
430 1731 456 1782 p.
469 1718 510 1767 70.
547 1714 584 1767 In
598 1714 722 1783 puluere.
760 1710 834 1766 hanc
861 1709 1089 1782 praepositionem
1118 1713 1151 1766 iss
1177 1709 1266 1781 reperi
1289 1709 1313 1763 in

148 1792 257 1847 duobus
276 1792 420 1849 codicibus
440 1793 539 1847 Bland.
559 1810 644 1861 quam
663 1791 785 1846 arbitror
804 1808 861 1846 nou
879 1790 1095 1863 o-lmittendam.

238 1879 280 1927 21.
300 1891 326 1942 p.
335 1878 375 1928 72.
404 1873 446 1928 Ni
460 1876 517 1929 tuis
530 1875 617 1930 uictus
628 1874 797 1943 Venerisque.
826 1872 914 1926 codex
929 1869 1145 1940 antiquissimus
1160 1870 1258 1926 Bland.
1271 1871 1313 1925 ha

148 1952 204 2021 bct,
224 1957 319 2024 flexus.

237 2039 279 2090 28.
303 2051 329 2103 p.
343 2039 385 2088 73.
421 2033 513 2090 Iresia
555 2032 698 2090 imberbis.
740 2032 904 2105 Ti-lbullus,
928 2030 1001 2086 Solis
1026 2034 1133 2086 aterna
1156 2033 1203 2087 est
1219 2031 1313 2087 Phoebo

147 2114 314 2183 Bacchoque
335 2113 471 2184 iuuenta,
491 2130 557 2167 nam
576 2114 658 2168 decet
679 2113 808 2168 intonsus
831 2112 916 2167 crinis
940 2115 1089 2180 rtrumque
1112 2112 1211 2167 Deum.
1231 2111 1314 2167 Codex

146 2194 246 2250 Bland.
265 2194 412 2264 antiquiss.
423 2195 442 2261 ¹)
461 2194 555 2264 habet,
575 2195 670 2249 Lusus
688 2194 835 2266 Appieuss)

236 2280 348 2331 31-82.
372 2292 399 2343 p.
412 2279 452 2330 74.
494 2275 586 2330 Oloris
605 2277 742 2344 patritius
785 2274 882 2344 claris,
909 2273 1050 2344 positiuus
1076 2289 1129 2343 pro
1158 2271 1313 2327 clarissimis

148 2355 258 2425 positus
278 2359 333 2409 est:
354 2354 427 2410 sicut
445 2354 541 2409 inueni
559 2355 588 2408 in
608 2354 860 2426 annotatio-imbus
878 2353 1085 2424 manuscriptis.

235 2435 304 2489 1111
325 2436 405 2505 7,13.
425 2453 452 2503 p.
463 2439 506 2491 80.
541 2436 654 2489 Damno
673 2441 771 2490 tumen.
803 2434 848 2487 hic
867 2435 1000 2489 aduertat
1017 2434 1116 2504 lector,
1140 2435 1277 2503 quantum
1292 2432 1314 2487 ei

150 2514 310 2583 debeamus,
326 2515 375 2583 qui
389 2531 423 2568 ex
437 2515 690 2587 an-lnotationibus
705 2513 825 2584 scriptis,
841 2514 931 2584 ijsdne
945 2513 1084 2583 barbaris,
1099 2513 1184 2569 nobis
1199 2532 1248 2583 pro
1257 2530 1314 2569 vero

146 2598 256 2649 Acrone
276 2595 400 2650 obtrusit
417 2595 474 2648 iam
493 2594 559 2649 olim
576 2595 694 2665 vulgata
713 2594 943 2665 commen-uaria,
963 2595 1013 2662 qui
1027 2594 1126 2650 videre
1145 2612 1203 2649 non
1221 2595 1313 2664 potuit,

147 2694 209 2744 quac
229 2675 330 2743 quibus
350 2678 444 2729 essent
464 2676 616 2730 reddenda.
645 2691 711 2728 nam
730 2674 803 2729 hanc
822 2675 1035 2729 annotationem
1054 2674 1314 2747 Commenta-{toria

149 2757 223 2827 Quia
241 2757 421 2811 conditionem
443 2757 622 2810 castulitatis
644 2757 809 2826 temporibus
831 2757 901 2809 unni
924 2758 1105 2825 cosnpcruuit,
1124 2754 1173 2811 lte.
1193 2755 1316 2826 apposuit

146 2835 191 2890 his
203 2836 293 2890 verbis
308 2836 375 2889 odes
390 2835 584 2907 praecedis-itis,
597 2836 762 2905 Cclcrlnsqac
772 2852 876 2905 pronos
890 2838 997 2891 volucre
1010 2838 1132 2891 mmscrs.
1160 2837 1238 2904 quod
1251 2835 1314 2903 illi⁸)

146 2920 228 3028 app-tt}
241 2919 278 2986 (p.
290 2921 335 2982 81)
345 2915 480 2969 nifestum
499 2915 565 2983 erit,
590 2916 614 2969 si
637 2915 756 2986 vulgata
773 2915 891 2970 Acronis
916 2915 1120 2970 commentaria
1138 2917 1266 2971 euoluat:
1283 2923 1314 2970 no

146 3001 162 3029 n
184 3001 208 3030 01
221 3001 259 3029 um

148 3039 230 3095 illum
250 3040 313 3096 dico
332 3040 445 3095 easdem
465 3040 663 3095 annotationes
681 3058 737 3095 non
755 3040 937 3097 intellexisse.

237 3128 278 3175 15.
298 3140 324 3190 p.
336 3127 379 3176 81.
418 3121 477 3191 Qud
497 3123 565 3191 pius
587 3122 703 3177 AEneas.
742 3119 835 3177 (lodex
857 3121 955 3177 Bland.
980 3120 1129 3190 antiquiss.
1152 3121 1242 3178 habet
1263 3122 1315 3194 Qud

184 3208 225 3257 ter
239 3203 354 3256 albicus.

237 3287 277 3335 17.
311 3281 434 3336 Summo.
467 3281 555 3336 habet
572 3281 647 3336 idem
666 3282 754 3338 codex
766 3283 843 3339 Vita.
863 3283 943 3351 atqui
959 3281 1116 3337 communis
1131 3283 1218 3339 lectio
1232 3282 1315 3354 magis

146 3361 241 3432 placet
258 3361 470 3429 metaphoricos
490 3378 639 3416 enumero
657 3361 681 3415 u
699 3362 823 3419 calculis.

237 3446 349 3496 19-20.
369 3460 395 3511 p.
407 3448 449 3497 82.
486 3443 583 3498 Asaico
607 3460 667 3513 quc
690 3444 796 3500 dederis
819 3445 919 3499 onium.
957 3443 1045 3498 verba
1064 3442 1315 3519 Commentaltoris

146 3522 193 3577 hic
216 3521 286 3576 satis
311 3525 408 3592 apertt
427 3523 580 3577 ostendunt
606 3524 685 3579 Dare
708 3527 795 3580 amico
821 3527 913 3579 animo
933 3539 993 3578 esse
1011 3523 1162 3595 indulgere
1180 3522 1316 3596 genio&

146 3601 275 3656 hilariter
294 3604 396 3660 viuere.

236 3683 388 3756 11118,1.
408 3703 434 3754 p.
447 3689 489 3742 87,
526 3684 606 3738 Hanc
628 3683 778 3739 lectionem
796 3683 995 3754 Horatianam,
1019 3683 1130 3739 scilicet
1153 3685 1317 3752 Commodus,

147 3762 245 3818 bnon
265 3766 430 3832 Commodis,
452 3768 485 3819 vt
506 3764 591 3833 vulgb
616 3764 732 3836 legitur,
756 3764 839 3820 docet
856 3764 1009 3819 Lambinus
1029 3781 1091 3820 asse
1108 3781 1207 3820 veram
1226 3764 1316 3820 mullis

149 3844 291 3913 exemplis.
325 3845 365 3898 sic
384 3844 471 3899 etiam
489 3845 598 3899 habent
616 3847 673 3900 tres
692 3844 802 3900 codices
822 3844 973 3913 Blandinij.

238 4009 265 4074 1)
279 4005 367 4074 antiq.
380 4010 448 4060 1678
458 4011 567 4075 ρ,279·.
625 4009 652 4074 2)
672 4005 798 4075 Agylleu
827 4004 895 4059 olim
914 4005 1059 4061 cumviris
1078 4005 1253 4062 doctissimis
1269 4022 1315 4076 pro

146 4076 290 4146 Agylleus,
306 4077 404 4146 scripsi
420 4077 553 4147 Agyieus,
569 4080 666 4131 contm
681 4093 845 4131 consensum
861 4076 956 4132 omnib
975 4077 1144 4147 scriptorum
1159 4079 1259 4133 codicr'r

147 4151 233 4217 (229l‘)
253 4149 504 4205 ...comentatus
531 4152 598 4204 autt
627 4152 686 4202 tam
713 4149 743 4203 in
770 4152 904 4203 contextu
932 4152 987 4216 qua
1015 4149 1196 4204 enarratione
1227 4148 1315 4219 potius

146 4219 254 4273 Acrone
274 4219 443 4290 &Porphya
462 4221 594 4292 vulgatos
614 4222 699 4288 qnam
719 4219 837 4287 antiqua
856 4219 962 4288 scripta
980 4220 1109 4288 sequitur
1127 4238 1192 4289 quaa
1210 4221 1241 4275 in
1256 4238 1317 4274 con-

147 4292 226 4343 textu
241 4291 335 4346 omnia
349 4295 513 4363 consonant,
532 4292 625 4347 sedin
640 4291 880 4359 annotationibus,
900 4289 1024 4361 Bledmij
1039 4291 1155 4361 habent,
1176 4292 1315 4364 Agylleus,

147 4359 176 4413 id
204 4363 260 4430 est,
288 4362 423 4433 villanus,
449 4365 517 4433 quia
539 4364 569 4418 in
594 4363 668 4419 villis
688 4362 711 4417 ds
730 4362 799 4418 vicis
818 4361 920 4432 Apollo
939 4379 1074 4433 responsa
1097 4363 1196 4419 dabat.
1217 4368 1284 4419 1578

148 4434 175 4500 3)
194 4432 283 4487 cuiuis
302 4451 369 4490 corr.
386 4455 416 4505 p.
432 4442 483 4490 144
