2866 5016
130 270 191 327 LVI
615 268 827 327 PRAEFATIO.

134 440 210 499 ciale
235 443 354 518 uocant,
377 444 532 500 exaratum
555 439 647 500 fuisse
670 439 874 517 compluribus
896 439 1014 499 indiciis
1036 437 1195 516 pmbatur:
1222 436 1272 499 nel

133 529 164 587 in
180 528 356 589 exeuntibus
375 530 531 590 uocabulis
549 529 690 589 librarius
709 529 856 606 syllabam
874 548 910 589 us
928 523 1036 607 signo’
1053 527 1176 588 reddere
1194 524 1272 589 solat

132 612 170 698 (c.
192 617 221 676 II
241 621 270 696 4,
291 621 331 677 23
355 622 402 679 cui
420 640 474 696 pro
493 620 548 680 cui'
568 620 600 678 in
613 612 668 698 ΕΙ)
692 622 723 679 et
739 617 974 692 sconfundebat
996 637 1065 678 cum
1082 619 1102 691 s
1114 609 1272 699 (a114,:

129 708 215 782 plilli
237 708 381 781 diffissus
402 708 427 767 F
451 728 505 785 pro
524 709 658 784 poulain
680 700 802 789 muas).

692 897 752 963 Μ’

223 1021 363 1081 Proxima
392 1018 532 1078 adfinitas
561 1019 719 1080 intercedit
746 1020 872 1079 interl*
899 1024 929 1080 et
952 1013 982 1079 λ’
996 1013 1053 1100 (=
1069 1011 1150 1102 ll)¹)
1178 1036 1272 1097 excep*

134 1109 171 1167 iis
194 1109 277 1186 locis,
299 1109 351 1168 ubi
371 1102 400 1168 λ’
419 1128 486 1168 cum
504 1108 704 1169 Mauortianis
723 1109 807 1168 libris
830 1109 910 1170 facit.
956 1108 1172 1185 inscriptiones
1189 1126 1272 1187 quoq

135 1198 255 1257 caedem
279 1216 341 1257 esse
362 1198 467 1275 solent,
491 1217 544 1257 nec
567 1198 667 1257 miuus
686 1198 887 1276 singularium
905 1198 1070 1258 lectionum
1090 1215 1202 1276 magna
1224 1214 1272 1275 co}

134 1291 169 1346 ut
193 1306 216 1345 c.
236 1286 250 1344 Ι
271 1291 299 1364 7,
321 1290 360 1348 25
385 1291 523 1362 parentes
556 1307 609 1363 pro
636 1292 760 1362 parente
785 1286 838 1364 Fl,
862 1306 886 1348 c.
904 1286 936 1345 II
955 1290 984 1365 4,
1005 1289 1045 1348 23
1076 1290 1123 1346 ciri
1150 1306 1205 1363 pro
1228 1286 1272 1347 utet

136 1375 184 1453 ΙΙΙ,
204 1394 228 1436 c.
247 1375 278 1433 ΙΙ
299 1378 347 1446 13,
368 1379 387 1435 8
407 1376 529 1436 colchica
547 1376 602 1453 ΓΙ,
621 1395 644 1436 c.
664 1377 694 1434 ΙΙ
715 1379 765 1454 13,
787 1379 828 1437 38
848 1394 946 1435 sucino
970 1395 1023 1452 pro
1043 1394 1113 1435 sono
1130 1369 1203 1452 Μ’,
1222 1374 1272 1435 c]

137 1468 166 1540 7,
186 1467 229 1524 20
251 1469 346 1524 eorm
367 1484 421 1541 pro
444 1469 539 1523 nauci
560 1464 614 1541 ΡΙ,
638 1484 723 1525 serm.
743 1466 757 1524 Ι
777 1468 806 1543 3,
826 1467 867 1525 35
896 1466 1034 1524 insederit
1062 1458 1169 1543 lll'd',
1192 1482 1272 1524 serm

136 1556 165 1632 4,
185 1557 227 1613 54
250 1556 372 1614 uerbum
390 1574 444 1631 pro
467 1555 565 1612 uerbis
589 1548 656 1631 Fs‘,
680 1572 765 1613 serm.
784 1553 799 1612 Ι
818 1558 848 1632 5,
867 1556 908 1613 45
929 1572 1079 1629 promtius
1101 1546 1171 1631 ΙΨ,
1193 1571 1271 1613 serm

139 1646 167 1721 0,
188 1645 228 1704 96
252 1646 278 1702 si
301 1663 355 1719 pro
378 1645 434 1702 sibi
457 1636 523 1719 ΙΨ,
552 1661 639 1702 serm.
661 1643 676 1701 I
696 1645 762 1721 8,1
793 1643 915 1716 dunum
942 1662 996 1719 pro
1025 1644 1137 1716 lignum
1164 1634 1272 1720 sm

138 1735 179 1791 10
203 1731 268 1790 init
292 1750 403 1809 magna
430 1731 636 1809 interpolatio,
667 1751 753 1792 serm.
776 1732 791 1790 Ι
816 1735 866 1808 10,
888 1734 927 1791 19
957 1732 1071 1792 column
1098 1724 1166 1809 ΙΨ,
1194 1749 1272 1791 serm

140 1823 190 1897 10,
207 1823 246 1879 75
267 1822 385 1879 utilibus
402 1840 456 1896 pro
475 1822 584 1880 uilitas
605 1812 717 1901 (ψλἸ),
736 1839 822 1880 serm.
841 1820 870 1879 II
891 1823 919 1899 2,
941 1823 980 1881 13
1000 1822 1142 1894 cedentes
1160 1839 1272 1897 mera}

137 1910 279 1967 curionum
305 1928 376 1968 ctera
399 1909 453 1985 Pl,
476 1927 561 1970 serm.
580 1909 611 1968 Π
631 1911 659 1987 3,
680 1913 752 1969 224.
774 1913 846 1970 247.
867 1912 939 1970 266.
967 1909 999 1967 Π
1017 1912 1047 1988 4,
1068 1912 1118 1970 00.
1142 1909 1229 1986 epist.
1248 1910 1263 1968 Ι

138 1998 188 2057 86.
211 1996 242 2054 Π
263 2000 290 2073 2,
311 2000 361 2058 49.
382 1999 422 2057 80
448 1998 545 2057 multa
573 1999 647 2077 alia,
675 1999 745 2059 uide
774 1997 998 2075 discriptionem
1026 1999 1168 2058 classium
1196 2001 1228 2058 et
1255 2018 1272 2058 e

141 2087 257 2145 tionum
282 2089 452 2145 nostrarum
475 2091 656 2162 apparatum
678 2088 824 2148 criticum

227 2174 406 2234 Praesertim
443 2175 550 2234 menda
582 2176 758 2236 absurdiora
790 2177 894 2253 qualia
923 2181 1076 2251 parentes,
1111 2179 1173 2245 cusi,
1207 2194 1272 2236 som

142 2265 270 2324 uerbum..
285 2265 339 2322 olcl
352 2283 406 2340 pro
426 2265 479 2322 olei
499 2260 599 2344 (serm.
618 2264 693 2342 112,
713 2258 780 2345 50),
793 2266 937 2339 philippis
955 2285 1009 2340 pro
1023 2266 1153 2339 philippi
1167 2260 1271 2345 (epist.

141 2356 169 2429 2,
186 2344 243 2431 40)
259 2355 290 2411 et
308 2352 481 2428 posterioris
500 2353 569 2412 acui
584 2354 697 2413 formas
716 2355 821 2430 quales
840 2354 925 2430 epist.
940 2353 972 2412 Π
987 2356 1015 2432 2,
1027 2356 1067 2414 86
1088 2358 1255 2414 concedere

139 2440 286 2500 tissimum
306 2441 441 2501 codicum
460 2441 530 2500 Fet
543 2434 573 2500 λ’
592 2441 779 2502 adfinitatem
798 2443 949 2502 euincunt
987 2442 1208 2504 Firmissimum
1224 2462 1272 2521 qu

141 2529 210 2589 dani
232 2529 323 2590 huius
345 2530 389 2590 rei
413 2532 624 2609 argumentum
652 2530 712 2590 iam
742 2532 772 2590 iu
801 2531 992 2592 describendo
1016 2530 1079 2592 uod.
1099 2535 1115 2591 l
1138 2551 1272 2593 commun

137 2681 285 2741 moinus:
305 2682 391 2758 epist.
411 2682 424 2739 I
450 2686 498 2759 11,
522 2685 559 2741 13
582 2682 661 2741 enim
680 2685 696 2741 l
715 2681 806 2741 habet
841 2699 937 2742 curuos.
975 2682 1032 2742 Hic
1052 2682 1157 2742 littera
1179 2702 1200 2760 y
1222 2701 1272 2743 sen

139 2789 259 2845 prorsus
287 2775 381 2847 caret,
411 2771 442 2828 in
466 2793 490 2843 φ
512 2790 583 2830 uero
614 2774 660 2829 est
688 2774 761 2830 nota
791 2771 828 2829 ad
855 2771 969 2831 scholia
996 2771 1163 2848 pertinens3
1192 2790 1272 2832 exn

139 2859 301 2935 codemque
333 2859 430 2934 igitur
459 2858 534 2918 libro
565 2858 658 2917 isdem
688 2860 808 2920 scholiis
837 2879 971 2936 resperso
1001 2859 1089 2920 umbo
1120 2860 1239 2921 codices
1268 2888 1272 2916 t

140 2946 304 3021 descriptos
327 2964 391 3005 esse
416 2966 501 3005 nemo
525 2966 584 3006 non
607 2946 699 3006 uidet.

229 3034 309 3093 llaec
333 3035 429 3109 prima
448 3035 727 3110 antiquissimorum
750 3037 832 3096 tertii
851 3037 962 3098 ordinis
981 3038 1118 3097 codicum
1136 3037 1230 3115 stirps
1248 3058 1272 3099 a

142 3122 179 3177 ob
202 3142 264 3181 rem
287 3122 389 3199 magui
420 3123 606 3182 aestimanda
635 3129 694 3202 est,
722 3125 803 3201 quod
830 3129 861 3185 et
889 3127 1098 3186 uetustissima
1130 3129 1232 3187 estet
1256 3127 1272 3186 0

141 3211 204 3269 sine
227 3211 336 3270 lacuna
359 3229 412 3286 per
435 3215 533 3269 totum
557 3212 716 3272 Horatium
740 3213 913 3292 porrigitur.

234 3299 367 3374 Septimo
382 3299 431 3358 uel
447 3304 553 3359 octavo
568 3301 686 3360 saeculo
701 3301 792 3360 libros
806 3296 871 3360 l'et
880 3303 912 3379 F,
927 3303 1037 3361 librum
1048 3302 1227 3381 originalem
1242 3324 1272 3366 cs

145 3408 213 3447 cum
234 3381 291 3445 Pl'
310 3388 437 3446 fortasse
456 3387 573 3447 circiter
592 3408 669 3447 anno
691 3394 753 3448 000
770 3410 797 3465 p.
813 3390 864 3447 t'h.
884 3391 1028 3466 scriptum
1043 3396 1204 3469 putamus,
1228 3394 1272 3453 int

145 3476 259 3553 polatio
278 3494 351 3534 uero
370 3474 423 3533 illa
443 3472 527 3553 (aute
546 3496 632 3536 serm.
653 3477 665 3534 l
689 3483 738 3554 10,
759 3472 802 3553 ll,
825 3479 1001 3538 Ausoniana
1019 3472 1058 3559 (c.
1079 3473 1160 3562 350)
1179 3482 1213 3540 ni
1232 3482 1272 3542 ful

145 3568 243 3625 ructate
254 3563 433 3640 excogitata,
448 3563 507 3621 iam
519 3570 587 3623 ante
602 3566 756 3623 sacculum
770 3569 887 3625 sextum
902 3569 1031 3645 margini
1046 3568 1200 3647 adscripta
1215 3588 1272 3631 esse

145 3653 292 3730 prurrlstim
316 3652 346 3709 in
365 3652 465 3727 ipsum
484 3655 599 3710 textum
618 3653 817 3712 Horatianunr
837 3655 994 3730 inrepsisse
1014 3657 1164 3717 uideatur.
1205 3659 1272 3720 let

146 3743 197 3801 isti
221 3744 288 3801 ciclo
307 3757 413 3798 uersus
432 3739 462 3796 in
482 3739 525 3796 ΡΙ
545 3736 570 3817 (l
590 3733 713 3819 deficit),
736 3741 827 3799 stiam
846 3742 876 3799 in
900 3739 1024 3821 ruod,
1048 3765 1108 3804 non
1131 3746 1164 3805 in
1181 3747 1265 3808 RLr

146 3822 260 3889 dcticitl
285 3832 338 3888 uut-
362 3849 377 3886 u
401 3826 458 3906 [dd
481 3822 637 3886 deliciuntl
665 3848 762 3904 nsque
786 3829 816 3886 in
844 3849 873 3888 u.
911 3831 1026 3908 Stirpes
1049 3833 1066 3891 d
1089 3835 1187 3911 igitur
1214 3839 1272 3897 et:

146 3917 377 3994 interpolatione
396 3914 546 3975 carebant.
592 3916 637 3975 De
654 3917 748 3991 stirpe
771 3910 806 3973 u'
823 3917 855 3975 in
874 3918 964 3978 dubio
983 3939 1100 3998 snmus,
1124 3927 1272 3986 autumn

147 4028 206 4066 non
221 4005 328 4064 habuit
342 4002 603 4079 interpolationem
614 4009 662 4079 tut
678 3997 714 4061 ul
730 4008 782 4062 sut
802 4023 907 4064 uersus
922 4007 952 4065 in
967 4010 1102 4086 margine
1117 4013 1211 4087 positi
1226 4033 1272 4074 ers

237 4094 372 4169 Denique
392 4091 515 4166 stirpem
533 4084 591 4163 l'l',
615 4110 797 4167 utrumquem
818 4096 963 4167 peruersis
982 4097 1162 4159 lectionibus
1183 4100 1272 4162 abun«

148 4194 177 4241 ct
202 4181 376 4258 praesertim
398 4180 422 4237 F
445 4179 527 4237 solus
549 4179 736 4238 stultissimis
759 4181 872 4239 mendis
895 4185 1073 4259 corispicnus
1096 4194 1151 4265 ost,
1174 4194 1212 4250 ut
1233 4209 1272 4252 ss.

150 4273 161 4329 l
187 4278 212 4345 l,
232 4273 273 4328 43
293 4271 464 4327 somniatus
482 4286 536 4343 pro
554 4269 742 4326 ausinianos.
761 4287 847 4329 serm.
866 4270 896 4327 II
916 4276 944 4337 4,
968 4277 980 4329 l
1002 4273 1119 4333 cauom
1137 4297 1192 4354 pro
1212 4299 1272 4340 oue

148 4392 248 4402 ‘-
256 4390 329 4398 -···-

239 4442 265 4491 ll
286 4436 356 4490 l'ide
375 4452 459 4505 supra
476 4453 504 4505 p.
523 4432 622 4487 XLVII
631 4451 691 4503 sqq.
