2866 5016
130 317 194 381 358
481 313 672 370 axonam
691 313 911 379 CRVQVIANA.

131 477 245 532 Interim
266 477 336 532 illud
351 494 368 531 a
382 479 411 532 te
429 476 534 588 pomp.
545 478 645 547 6)tam,
665 475 696 545 dt,
717 475 741 530 si
755 474 871 545 pateris,
887 475 974 531 orabo
988 477 1019 531 vt
1033 478 1100 531 tuus
1115 475 1166 532 ille
1184 476 1301 551 nobi-llis

443 562 480 591 am

132 601 155 655 ds
179 603 243 656 vere
266 618 385 692 magnus
410 602 519 656 animus
543 617 611 669 erga
633 599 744 657 litteras
769 600 968 669 litteratosque
991 600 1101 656 omneis
1126 603 1300 673 propensissi-

136 700 208 751 mus,
228 681 277 751 qui
295 682 366 736 mibi
384 682 421 735 ad
439 682 491 736 hos
510 681 622 736 labores
640 684 739 736 auctor
760 680 880 751 fuit,t
851 679 938 735 etiam
955 681 1117 751 patrocimo
1135 685 1223 752 atque
1248 702 1301 754 pro

130 761 248 817 tectioni
267 779 328 817 esse
347 779 402 817 non
421 779 461 817 re·
465 762 560 834 lenset,
579 764 678 817 contra
697 778 744 816 eos
763 725 942 830 potissimum
956 761 1059 830 quibus
1072 761 1123 818 ho·
1113 763 1211 837 -lnorti
1226 781 1298 820 cona·

132 832 178 898 tus
192 842 215 896 a
229 842 361 897 liberales
381 858 490 911 semper
509 845 575 896 sunt
592 841 665 897 odio.
697 840 800 910 Accipe
819 840 915 909 itaque
935 841 1040 896 Praesul
1058 841 1237 898 nobilissime
1253 845 1299 899 bic

130 921 237 993 ingenij
261 923 351 978 nostri
375 922 496 992 primum
520 923 631 991 soetum,
656 923 729 975 erim·
734 921 809 993 tque,
832 938 883 991 pro
907 920 1028 976 candore
1051 921 1143 976 animi
1166 923 1222 993 tui,
1242 925 1298 979 boui

130 1003 244 1058 consule
271 1006 407 1072 tanquam
435 1002 621 1057 arrhabonem
648 1001 776 1071 perpetui
796 1018 863 1071 erga
886 1002 914 1056 te
934 1000 1018 1071 officij
1045 1000 1069 1055 ὰ
1092 1003 1297 1060 obseruationis.

130 1083 202 1138 Vale
230 1083 409 1156 littera-{rum
438 1084 576 1137 Mecaeuas
607 1080 773 1151 praeclariss.
802 1081 903 1151 Brugis
931 1080 1148 1154 Flan-ldrorum
1178 1084 1224 1140 XI.
1250 1085 1296 1141 lral.

132 1163 254 1234 Aprileis
273 1166 352 1218 Anno
371 1167 411 1219 ob.
432 1167 458 1218 lo.
478 1162 560 1219 LXV.

221 1263 247 1314 p.
264 1251 288 1301 7.
325 1244 443 1300 IACOB.
464 1242 646 1310 caqulvs
663 1246 667 1314 Ι
683 1242 876 1298 MESSINIVS
899 1241 1076 1315 aucto-tal
1102 1244 1270 1302 CANDIDO.

285 1325 412 1380 Tandem
435 1342 520 1394 quum
545 1325 581 1378 ad
605 1323 709 1378 librum
727 1323 802 1378 huno
821 1326 952 1393 quartum
970 1325 1035 1378 oda·
1046 1323 1120 1396 {rum
1143 1330 1297 1395 peruentum

134 1409 221 1475 esset,
246 1421 322 1474 ecoe,
347 1409 414 1460 tnnc
433 1404 608 1460 commodum
629 1403 739 1458 codices
759 1407 909 1473 quaternos
932 1405 1004 1458 bene
1023 1407 1152 1460 vetustos
1171 1405 1196 1459 dr
1214 1423 1295 1460 mauu·

133 1483 274 1558 scri-{ptos
298 1486 358 1540 fato
382 1486 519 1555 quodam,
545 1483 674 1557 bonoque
698 1482 722 1537 ds
744 1483 821 1539 felici
848 1483 944 1554 genio
973 1485 1081 1558 athue
1105 1486 1142 1541 ad
1166 1502 1228 1540 eam
1250 1503 1295 1541 ren

135 1582 220 1634 quam
240 1567 377 1635 parabam
396 1567 591 1621 accommoda·
579 1565 739 1656 -ltissimoa
759 1581 792 1619 ex
811 1563 989 1619 Bibliotheca
1008 1563 1162 1621 Blandinia
1180 1566 1295 1622 Gaudsoi

133 1663 195 1700 sum
162 1650 218 1760 men
232 1649 269 1716 (p.
282 1651 309 1718 8)
328 1650 557 1715 consequutus..
569 1646 656 1702 ‚Haec
679 1645 753 1700 enim
771 1645 830 1698 vu]-
821 1645 910 1717 -lgata
933 1647 1027 1700 exstat
1050 1645 1168 1702 lectio'
1158 1664 1189 1701 ιιι
1207 1647 1293 1703 codici·

133 1769 212 1825 bus
204 1771 361 1842 impressis·

347 1863 412 1918 Tibi
430 1863 506 1930 telas,
523 1858 697 1933 operosccq'ue
716 1861 862 1928 Minerua,

348 1943 477 1999 Stadium
497 1944 589 2010 aufert
607 1942 729 1998 Neobule
747 1941 874 2012 Liporoei
892 1943 967 1997 nitor
985 1940 1083 1998 Hebri.

348 2023 439 2093 Eques
457 2025 517 2093 ipso
535 2024 630 2079 arctior
647 2023 869 2093 Bellerophonte,

347 2103 442 2174 Neque
457 2121 564 2174 prtpao,
581 2120 666 2172 oeque
684 2105 760 2174 sepsi
774 2103 844 2173 pede
861 2105 961 2170 victua,

348 2184 436 2240 Sisnal
454 2190 546 2240 υιιιιοι
566 2183 720 2255 Tyberim
737 2182 860 2238 tumeres
879 2184 950 2238 lauit
967 2185 999 2238 ic
1016 2184 1106 2240 ando.

224 2300 314 2365 Quam
334 2299 374 2353 sic
392 2299 504 2354 restitui
523 2316 557 2354 ex
576 2297 784 2369 manuscriptis,

349 2417 413 2470 Tibi
432 2417 507 2485 telos,
527 2411 696 2486 operosoeq'ue
714 2415 853 2470 Minerua

347 2497 484 2563 Studium,
504 2499 596 2564 aufert
615 2498 747 2552 Neobulca
765 2496 882 2566 Iripurci
898 2498 974 2552 nitor
992 2497 1090 2567 Hebri,

348 2577 436 2632 Simul
454 2584 548 2632 cactos
567 2577 720 2648 Tyde-rinus
738 2578 862 2632 humma
880 2578 918 2630 lo:
907 2579 942 2689 nn

258 2704 294 2770 (p.
306 2704 333 2770 9)
351 2704 394 2757 uit
413 2704 444 2756 ia
462 2704 555 2770 auda,
573 2719 651 2772 eques
669 2703 728 2770 ipso
746 2703 841 2756 auctior
859 2702 922 2756 Bel:

349 2782 510 2850 leroplioote,
529 2797 589 2851 aequ
604 2798 709 2852 prsprw,
726 2798 786 2852 nequ
803 2799 879 2852 aspar
875 2783 963 2851 pede
982 2784 1076 2838 victus.

225 2879 279 2945 Qui
303 2895 399 2933 versus
422 2878 480 2931 iam
503 2878 570 2932 olim
594 2895 638 2933 me
661 2877 803 2933 solicitum
826 2881 948 2934 tenuere.
984 2879 1157 2952 pro-lpterea
1181 2880 1294 2950 quodin

135 2960 232 3015 metris
261 2958 493 3029 Despauterianis
522 2958 656 3027 aliquado
685 2958 756 3029 legi,
789 2958 892 3015 Lauit.
939 2959 1168 3029 Bellerophonte
1195 2959 1294 3014 diuisim

136 3041 246 3108 scandi,
271 3042 369 3094 contra
386 3038 505 3107 vulgata
528 3039 713 3109 exemplaria,
737 3038 839 3093 deiude
858 3039 933 3107 quod
953 3047 991 3094 no
1010 3039 1185 3112 dil-{ficulter
1202 3039 1296 3096 vidiin

135 3121 334 3190 traspositione
354 3124 454 3173 versuti
474 3120 548 3188 quod
568 3119 757 3191 displi-lceret.
795 3119 900 3174 Verdm
922 3137 978 3174 non
1003 3122 1069 3175 autb
1088 3120 1130 3176 fui
1150 3119 1234 3176 ausus
1249 3120 1297 3174 illis

137 3202 276 3255 violentas
296 3218 329 3254 ac
348 3199 448 3254 iterum
466 3199 589 3253 medicas
604 3200 739 3254 adhibere
755 3217 862 3268 manus,
882 3202 968 3268 quiam
983 3201 1019 3254 ad
1034 3217 1127 3255 meam
1142 3200 1297 3257 sententiam

136 3281 356 3335 confirmandam
379 3278 529 3333 codicibus
553 3280 677 3349 antiquis
700 3279 900 3349 manuscriptis
924 3280 1087 3349 adiuuaret,
1117 3280 1168 3336 vbi
1190 3299 1234 3338 rne
1254 3297 1301 3335 non

137 3361 237 3416 alienis
257 3360 350 3428 soleis,
370 3363 402 3412 vt
420 3359 516 3428 fertur,
537 3377 626 3429 voum,
645 3360 746 3415 testari
764 3359 787 3412 dt
807 3361 922 3415 Codices
942 3361 965 3414 te
984 3361 1038 3415 viri
1056 3365 1192 3431 poterunt
1210 3362 1301 3418 doctis

138 3440 209 3497 simi.
249 3439 386 3508 Equidem
406 3439 497 3493 fateor
516 3439 632 3494 Codices
650 3439 821 3495 Horatianos
839 3440 989 3495 lectionem
1008 3458 1140 3496 versuum
1160 3442 1230 3497 satis
1247 3459 1303 3497 con·

136 3522 226 3576 tinere
250 3521 402 3590 integram:
427 3522 457 3574 at
479 3520 676 3575 annotationes
699 3519 775 3575 idem
798 3522 952 3595 pro-[liteor
974 3522 1017 3576 ita
1035 3522 1166 3593 mutilas,
1191 3525 1303 3589 ιτιιιιιιι,

136 3602 377 3670 monstrosasque,
401 3603 432 3654 vt
454 3616 544 3669 neque
567 3617 616 3669 pes
640 3618 730 3670 neque
753 3606 840 3671 caput
859 3602 905 3656 vni
932 3602 1066 3657 reddatur
1087 3601 1195 3658 formae.
1232 3601 1304 3670 Quod

138 3683 204 3736 sana
224 3699 276 3750 ego
296 3698 351 3735 non
368 3680 481 3734 aliunde
496 3680 601 3734 factum
617 3681 792 3754 copreae-{di
806 3682 898 3751 facile,
919 3685 1003 3751 quium
1018 3682 1094 3751 quod
1110 3683 1304 3738 barbarissimo

137 3779 170 3817 eo
190 3761 304 3829 saeculo,
324 3777 379 3828 quo
399 3760 470 3814 talia
489 3759 594 3831 scripta
613 3765 690 3830 sunt,
713 3762 797 3816 rudes
816 3762 943 3829 omnino,
968 3762 991 3814 dr
1011 3762 1047 3816 ab
1067 3762 1168 3835 o-lmni
1186 3763 1305 3818 humani·

138 3845 198 3897 tate
217 3841 304 3896 alieni
322 3841 457 3894 Doctores
476 3842 643 3910 exstiterint,
663 3842 711 3911 qui
731 3841 788 3896 suis
808 3842 963 3912 discipulis,
983 3845 1038 3911 qub
1057 3843 1122 3913 plus
1141 3860 1242 3915 sapere
1260 3843 1305 3899 sci·

137 3922 205 3977 licet
217 3922 409 3992 ride-trentur,
424 3920 518 3974 aliena
532 3939 593 3989 quse
608 3921 776 3977 inuenerunt
785 3925 843 3992 (eie)
859 3924 936 3993 pure,
950 3923 1047 3992 latine,
1062 3922 1085 3975 da
1101 3923 1186 3978 docto
1200 3924 1306 3995 scripta

137 4019 187 4072 pro
207 4003 264 4056 suis
284 4002 387 4070 inepto,
407 4000 527 4071 indocta,
548 4001 666 4055 barbare
685 4007 866 4073 commutata,
884 4020 920 4057 ne
934 4003 1028 4057 dicam
1042 4019 1178 4074 peruersa
1191 4023 1308 4076 prorsus,

138 4085 223 4150 atque
243 4082 424 4148 labefactata,
444 4081 517 4134 asini
535 4080 666 4134 nimirum
682 4081 739 4136 suis
754 4083 850 4137 asellis
864 4083 984 4138 tribulos
998 4084 1209 4153 proponebant:
1228 4085 1309 4155 quod,

138 4180 199 4230 qua
215 4161 369 4216 eruditiora
384 4161 556 4235 paullo-tque
571 4162 746 4231 elegantiora
764 4168 859 4218 essent
873 4181 890 4217 a
904 4163 962 4218 suis
977 4163 1154 4218 auditoribus
1169 4164 1308 4237 intel-lligi

139 4258 195 4295 non
214 4241 297 4295 facila
317 4257 412 4310 posse,
435 4258 486 4295 nec
511 4241 571 4295 eius
591 4242 686 4296 sarculi
708 4242 813 4312 palatis
836 4243 983 4315 la-lctucas
1003 4244 1152 4299 conuenire
1171 4262 1222 4315 pro
1240 4263 1308 4302 oom-

138 4324 218 4390 perto
237 4321 363 4389 haberet,
379 4320 459 4389 quip-
473 4323 482 4391 ΙΙ
495 4324 533 4391 (p.
546 4326 588 4391 10)
599 4338 634 4392 pe
648 4339 719 4390 quas
738 4321 762 4376 dt
780 4323 942 4379 fastidirent
965 4323 1033 4394 ipsi,
1058 4322 1081 4377 dt
1100 4324 1197 4380 fenum
1217 4324 1306 4396 potina

143 4445 351 4518 car-(duosque,
375 4405 462 4514 giiii
477 4446 576 4502 mollia
593 4447 735 4520 gramina,
754 4447 891 4518 miliaque
910 4448 933 4503 dt
951 4449 1026 4504 dona
1045 4448 1168 4505 cerealia
1186 4449 1307 4506 mallent
