2866 5016
513 305 706 363 excitaris
724 304 946 373 CRVQVIANA.
1251 308 1314 374 361

225 477 270 527 22.
289 488 316 540 p.
328 475 372 525 24.
408 468 540 542 Lmabm
563 469 587 524 si
609 468 793 540 Berecynthia
802 468 832 537 ¹).
868 466 909 523 sic
931 467 1020 524 habet
1042 469 1129 523 codex
1147 469 1314 525 Blandinius

125 551 363 622 antiquissimus.

225 633 294 688 llll
312 630 378 704 2‚8.
397 648 423 701 p.
435 635 478 686 82.
504 629 616 686 Nititur
635 631 744 699 mmm.
773 631 830 684 tres
856 629 967 684 codices
992 629 1200 702 manu-{scripti
1218 630 1318 689 Bland.

135 713 187 768 hic
206 711 325 779 babent,
344 710 367 765 ts
385 709 489 779 ubique
507 707 538 762 in
557 707 623 778 aliis
641 708 712 779 odis,
731 709 833 781 pinnis,
852 726 903 778 pro
922 709 1029 780 pennis.

229 799 255 848 6.
295 791 386 863 Quam
404 808 487 861 saper
505 796 586 845 motas
604 790 702 846 satie-re
719 791 833 862 ripam).
863 790 936 845 hanc
954 790 1105 845 lectionem
1124 790 1213 845 habet
1230 791 1319 845 codex

131 871 307 929 Blandinius
319 868 566 943 retu-latissimus:
581 887 664 938 quam
680 886 742 939 ego,
752 872 783 924 vt
792 886 886 923 veram
898 870 920 924 tr
931 873 1067 940 apertam,
1078 870 1231 943 0-l0mnin0
1246 871 1319 926 iudi-

131 953 201 1009 cani
219 968 277 1007 non
297 967 359 1006 essa
379 949 558 1018 mutandam,
585 950 671 1004 etiam
691 949 714 1004 si
733 950 869 1005 reclamet
888 950 1035 1005 adnotatio
1055 950 1174 1021 scripta,
1194 951 1320 1008 sednon

137 1034 201 1090 sine
219 1032 328 1088 lituris:
348 1048 414 1087 nam
432 1031 487 1086 hoc
505 1031 588 1085 modo
608 1033 701 1085 cessat
719 1030 786 1085 ordo
805 1047 903 1085 vocum
924 1030 1115 1101 perturbatior
1129 1031 1203 1085 inter
1216 1048 1317 1101 prouo-

137 1114 273 1170 cabulum
293 1116 323 1167 et
339 1112 368 1166 id
383 1112 459 1181 quod
479 1110 636 1165 antecedit
655 1111 683 1164 in
702 1111 843 1184 an-ltiqua
861 1112 990 1179 lectione,
1010 1115 1089 1182 puta,
1112 1114 1207 1168 blame
1224 1114 1319 1168 meur-

135 1213 202 1252 rem
220 1196 294 1250 celat
313 1193 425 1265 am-lm's
443 1192 541 1247 imbres
560 1210 636 1263 quem
654 1209 737 1262 sreper
755 1200 835 1248 motae
854 1195 945 1249 aluere
963 1196 1050 1264 ripas.
1079 1191 1186 1247 Deinde
1204 1193 1320 1248 verbnm

138 1275 227 1344 salio,
247 1275 314 1344 apte
330 1272 360 1327 in
379 1273 433 1326 hac
447 1270 568 1326 lectione
583 1271 707 1339 quadrat
720 1272 797 1325 amni
812 1272 971 1327 decurrenti
986 1290 1048 1327 cum
1063 1272 1172 1342 impetu
1186 1271 1320 1328 imbrium

140 1373 208 1411 snas
226 1355 327 1428 rilpaa
346 1350 561 1423 egredientium.

234 1442 259 1490 i.
296 1437 393 1503 smeret.
430 1450 501 1486 vnus
520 1433 609 1486 codex
627 1433 673 1487 bie
691 1432 780 1486 habet
797 1432 889 1501 ieruit,
910 1433 1027 1503 antiquo
1046 1450 1131 1490 more.
1384 1500 1387 1506 .

228 1520 271 1571 28.
295 1532 323 1584 p.
334 1520 376 1568 ³6.
406 1513 518 1569 Edicit.
547 1511 672 1568 extollit:
693 1512 733 1567 sic
752 1513 857 1584 scriptis
876 1513 995 1588 inne-ini
1012 1513 1042 1567 in
1057 1529 1111 1567 vno
1130 1513 1227 1569 codice
1246 1514 1320 1570 anti·

146 1595 287 1666 quieaimo
306 1596 386 1649 cotra
400 1592 518 1662 vulgati
533 1591 678 1665 edi-{tione
696 1595 816 1662 deducit,
833 1611 889 1647 non
905 1598 1001 1664 aptam
1017 1593 1075 1648 erin
1089 1597 1162 1649 teste
1176 1595 1321 1649 Lambino.

234 1682 276 1731 36.
295 1694 323 1744 p.
335 1681 377 1729 36.
411 1673 583 1744 Sycambros.
617 1673 690 1728 hanc
709 1673 858 1728 lectionem
878 1674 997 1743 antiqua
1013 1677 1121 1729 mutare
1139 1675 1226 1743 nolui,
1245 1676 1321 1743 qubd

140 1755 197 1812 sibi
223 1756 411 1810 consonarent
433 1753 544 1808 codices
567 1753 710 1824 Blandinij
735 1757 806 1823 tres,
833 1757 893 1808 tium
913 1755 987 1824 qnod
1008 1771 1041 1808 ex
1063 1771 1109 1823 ea,
1134 1758 1166 1809 nt
1189 1755 1320 1825 genuina,

138 1836 212 1891 nihil
228 1835 289 1890 ridi
303 1833 423 1889 suboriri
437 1849 520 1903 posse
538 1833 584 1889 rel
604 1833 790 1904 difficultatis,
810 1834 854 1889 vel
874 1834 1087 1907 obseulritatis,
1107 1838 1221 1905 propter
1239 1834 1319 1890 litte-

138 1934 237 1971 rarum
255 1915 280 1971 G
298 1916 321 1970 ir
341 1914 361 1970 C
380 1913 454 1969 inter
473 1930 502 1968 se
522 1916 722 1987 con-leensum:

231 2002 274 2053 49.
294 2014 322 2066 p.
333 2001 376 2051 ³7.
420 1996 507 2065 Te'que
535 1997 600 2050 diem
623 1998 757 2066 procedis.
800 1995 841 2049 sic
868 1995 973 2065 legitur
999 1995 1028 2050 in
1057 1994 1148 2049 tribus
1177 1994 1321 2049 codicibus

139 2077 242 2133 Bland.
275 2075 384 2130 Deinde
398 2078 455 2145 (50)
469 2075 543 2130 bunc
561 2092 681 2145 versum,
700 2077 767 2131 Nom
785 2078 864 2130 seusei
882 2077 1000 2130 dicemus
1018 2076 1052 2128 Io
1071 2076 1216 2144 triumphe,
1234 2074 1322 2129 habet

139 2175 213 2213 unus
232 2158 320 2212 codex
338 2155 405 2211 huic
424 2155 605 2226 praepositum
624 2158 712 2228 thue
730 2159 795 2212 dum
810 2173 874 2269 {seraa⁸
891 2155 1083 2224 (pumiceis.
1121 2157 1216 2209 vernn
1246 2154 1321 2222 quod

139 2282 222 2338 locus
247 2299 303 2336 non
326 2282 436 2336 careret
460 2279 556 2334 multis
579 2279 682 2353 litulris
701 2281 724 2335 ir
746 2279 865 2347 notulis,
890 2278 1001 2334 seruaui
1024 2284 1172 2334 comunem
1191 2278 1321 2349 lectione,

139 2362 210 2432 quia
229 2361 380 2416 dilucidior
398 2359 549 2430 videretur,
568 2361 591 2415 ta
610 2361 702 2416 minus
720 2360 898 2431 perturbata.

232 2442 299 2498 1111
317 2441 348 2514 Β,
361 2447 403 2496 14.
421 2460 448 2511 p.
459 2446 502 2496 41.
535 2440 656 2498 Sabalia.
685 2441 726 2496 sic
743 2440 840 2495 inueni
859 2440 889 2495 in
906 2439 997 2495 tribus
1017 2438 1187 2513 oo·ldicibus
1205 2438 1320 2493 Blandi-

138 2523 206 2594 nijs,
225 2522 314 2592 idbne
333 2538 367 2577 ex
386 2520 528 2576 sententia
546 2521 624 2576 Festi
642 2521 785 2595 relatiua,

231 2603 300 2658 1111
318 2600 348 2675 4,
359 2608 383 2657 6.
403 2619 430 2670 p.
440 2607 483 2658 62.
521 2601 687 2672 Poeprelit.⁸)
723 2602 764 2657 sic
787 2600 923 2671 scriptum
947 2600 1066 2673 in-luoni
1091 2600 1121 2654 in
1146 2600 1256 2655 duobus
1276 2616 1321 2654 co·

140 2683 254 2739 dicibus
273 2681 372 2738 Bland.
393 2681 439 2736 cni
457 2681 574 2736 lectioni
594 2681 746 2737 subscribit
763 2682 860 2738 Lamb.
881 2698 915 2736 ex
935 2680 1052 2737 veterib.
1071 2679 1190 2736 codicib.

232 2769 275 2818 22.
299 2780 326 2832 p.
337 2768 379 2818 63.
418 2763 476 2818 Nec
498 2764 567 2818 scire
589 2764 634 2830 fas
656 2770 696 2819 eet
717 2766 819 2819 omnia.
854 2761 884 2816 in
913 2761 1022 2816 duobus
1052 2759 1197 2816 codicibus
1220 2760 1321 2818 Bland.

139 2844 250 2915 legitur
269 2843 383 2899 Nescire
400 2845 446 2911 sas
463 2844 488 2898 si·
507 2860 529 2898 c.

231 2930 276 2981 42.
295 2942 322 2993 p.
332 2930 366 2978 co
385 2926 464 2993 (carr.
479 2927 533 2991 ⁶4).
566 2924 637 2991 Afer
654 2930 683 2979 st
700 2925 799 2980 italas.
827 2923 886 2977 baec
904 2922 989 2977 lectio
1009 2920 1078 2976 satis
1096 2922 1200 2992 placet,
1224 2921 1256 2989 si,
1281 2925 1321 2984 vt,

147 3005 376 3075 interpretemur,
394 3006 557 3073 postquam:
582 3002 772 3073 &equitauit
794 3020 853 3073 pro,
877 3001 1068 3072 equitauerat:
1091 3005 1187 3056 verim
1207 3003 1274 3072 quia
1291 3003 1322 3057 in

143 3103 202 3142 vno
225 3083 321 3140 codice
344 3083 441 3138 inueni
459 3083 532 3138 banc
550 3081 713 3154 lectionem,
731 3101 816 3152 qnam
840 3083 953 3138 videtur
970 3082 1125 3137 Glareanus
1144 3082 1274 3157 τεῇ-110).
1286 3090 1321 3139 66

1145 3167 1197 3197 0010
1204 3171 1209 3197 :

140 3215 210 3283 (leae
220 3211 274 3280 56))
283 3225 360 3265 cere:
379 3209 469 3264 Dirces
479 3227 531 3278 per
543 3209 631 3265 urbeis
644 3209 716 3276 Afer
728 3211 751 3264 it
764 3210 864 3278 italas,
882 3211 929 3265 sic.
967 3207 1068 3262 deinde
1092 3224 1178 3277 supra
1195 3209 1321 3280 verbum,

140 3291 181 3361 it,
200 3292 344 3357 notatum,
364 3287 462 3344 statim
484 3287 571 3358 fugit,
592 3289 767 3363 polstremb,
792 3288 866 3343 hanc
889 3287 1117 3358 adnotationem,
1136 3295 1201 3359 poet
1217 3291 1322 3346 cladem

141 3373 245 3440 fratria
257 3372 354 3442 stipam
366 3370 494 3425 describit
503 3369 668 3425 Annibalis.-
682 3368 766 3423 libuit
780 3368 826 3423 hic
840 3367 979 3423 sciscitari
995 3366 1131 3440 lelctoris
1147 3368 1321 3438 opinionemr

142 3470 211 3508 num
230 3449 278 3505 hio
296 3449 364 3504 ordo
383 3448 406 3502 ἀ
425 3448 568 3504 sententia
586 3449 707 3504 multum
726 3448 822 3503 absint
840 3465 858 3503 a
875 3465 906 3504 re
924 3447 1068 3517 praesenti:
1093 3450 1173 3517 puta,
1193 3449 1241 3504 ille
1261 3449 1322 3504 dies

144 3530 296 3606 pul-lohet,
314 3529 439 3585 tenebris
458 3528 564 3600 iugatis
578 3529 669 3600 Latio,
688 3529 737 3599 qui
751 3529 857 3599 primus
872 3528 936 3585 risit
952 3531 1067 3598 propter
1085 3528 1220 3599 adeptam
1234 3529 1321 3584 victo-

143 3612 226 3681 riam,
245 3611 328 3664 testis
347 3612 391 3664 est
409 3608 456 3664 &a

234 3696 278 3746 48.
316 3690 403 3746 Fama
420 3691 483 3746 deos
500 3689 728 3746 inhaerescens.
764 3690 811 3744 bic
833 3689 863 3743 in
887 3687 1085 3757 antiquissimo
1105 3687 1202 3744 codice
1219 3688 1319 3746 Bland.

144 3790 180 3829 ex
197 3790 250 3827 vsu
269 3769 409 3840 frequenti
428 3769 531 3825 litteris
549 3770 751 3840 propemodum
770 3769 881 3838 deletis,
905 3768 1067 3825 coniectura
1085 3767 1132 3823 vix
1150 3773 1319 3839 assequutus

144 3885 359 3896 -———.----

235 3953 261 4017 1)
279 3950 446 4019 Berecyntia
465 3954 534 4003 15⁷8
555 3967 582 4018 p.
594 3954 668 4004 215⁸.
741 3952 768 4018 2)
792 3938 870 4032 {mem
892 3966 975 4020 stipes·
996 3955 1085 4004 notas.
1122 3946 1154 4000 In
1177 3947 1320 4018 eunlgstis

144 4025 212 4079 ante
232 4036 320 4075 annos
335 4019 432 4076 decem
446 4020 686 4090 adnotationibus,
705 4037 801 4077 census
815 4021 966 4090 legendum
981 4036 1016 4074 ex
1029 4018 1180 4074 Blandinio
1197 4020 1258 4075 cod.
1274 4036 1319 4075 ve·

142 4092 254 4149 tustiss.
292 4091 360 4147 (istm
377 4109 459 4161 saper
481 4099 561 4148 motae
580 4095 678 4148 saliere
696 4096 790 4163 ripam
813 4091 837 4145 s
859 4109 909 4161 per
932 4091 1035 4146 tmesin
1057 4089 1244 4145 ordinandum
1268 4090 1321 4146 bon

143 4164 237 4234 modo,
257 4163 326 4219 cun
344 4162 457 4232 imbres,
476 4162 572 4231 idest,
591 4180 671 4232 aquia
689 4163 792 4234 pluuiae
812 4181 895 4232 super
913 4163 1014 4218 saliere
1031 4165 1114 4216 notas
1128 4161 1212 4232 ripas,
1232 4160 1320 4230 id'que

143 4237 182 4291 ad
201 4234 367 4290 euitandam
385 4250 484 4289 vocum
503 4235 628 4289 ordinem
653 4235 902 4306 perturbatiorem:
926 4237 1022 4289 verum
1042 4233 1108 4301 quia
1127 4233 1209 4288 video
1229 4234 1319 4288 doctis

142 4308 198 4362 hoc
215 4306 295 4361 velut
313 4305 405 4361 minus
423 4306 565 4376 proprium
585 4324 640 4361 non
651 4306 784 4388 placere,
803 4307 1113 4373 Commentatortmqne
1133 4304 1213 4373 sequi
1232 4304 1318 4360 aliam

142 4378 302 4505 {petionem
320 4394 378 4432 non
395 4376 537 4447 grauatim
556 4381 666 4433 mutem
684 4378 861 4434 sententiam.
902 4383 970 4433 1578
989 4395 1015 4447 p.
1028 4375 1103 4432 217ῡΙ
1170 4379 1198 4445 8)
1216 4393 1319 4447 propu-

157 4451 180 4505 't
197 4467 267 4506 corr.
285 4467 313 4520 p.
325 4453 384 4505 144.
