2866 5016
155 736 187 803 o.
208 738 358 794 uoasuu
374 741 380 808 ι
394 738 522 794 susem
541 737 689 794 asouori
706 742 711 807 ι
727 736 848 807 umas,
869 743 874 808 ι
894 718 936 791 'ss
955 736 1160 806 antiquissimis
1179 755 1240 807 sss-

60 820 122 872 tem
142 818 288 873 codicibus
308 817 515 889 manuscriptis,
532 822 536 888 Ι
553 836 614 873 cum
635 819 843 888 commentarijs
865 817 990 887 antiquis
1010 818 1175 871 emendatus
1194 818 1238 890 &1

60 905 159 960 esitus
183 923 270 977 spsss
287 891 413 963 Iscoar
436 908 585 972 cavovu
609 906 771 980 nessi-inii,
800 909 875 978 spus
904 906 1073 977 Brugsnseis
1100 907 1240 977 politioris
1321 951 1324 958 .

58 985 232 1041 litteratura
245 989 249 1059 ξ
263 988 427 1058 professoris
442 988 556 1058 publici.
574 988 578 1060 Ι
597 988 727 1044 Eiusdem
742 990 773 1042 ia
786 990 899 1044 eaodem
914 990 1113 1042 adnotationes.
1130 991 1135 1056 1
1151 987 1238 1041 ΑΝΤ-

60 1066 274 1204 gffisnsilp
287 1068 329 1123 ss
352 1069 465 1123 sississ
492 1068 685 1138 christophori
710 1068 848 1136 orsisii,
873 1069 878 1140 ι
900 1068 938 1123 us.
958 1068 990 1122 u.
1009 1067 1117 1121 uxvrr.
1138 1068 1143 1140 ι
1164 1068 1240 1122 cru

253 1293 289 1372 Q.
304 1291 488 1359 HORATII
511 1291 665 1358 FLAGOI
686 1295 690 1376 Ι
712 1291 890 1359 EPODON
912 1293 1053 1358 LIBER.

448 1417 619 1504 paulac.
640 1433 862 1498 cuvovivs

419 1523 463 1579 De
481 1526 660 1592 inscriptione
678 1525 745 1577 libri
763 1518 888 1578 ἒπωδῶν.

153 1647 179 1699 p.
197 1634 239 1686 18.
330 1647 383 1701 ego
398 1631 474 1684 certe
493 1629 546 1683 hoc
565 1632 730 1700 argumento
750 1629 846 1683 statim
867 1629 1079 1700 subscripserim
1102 1630 1172 1700 illis,
1192 1632 1241 1701 qui

61 1707 119 1762 huc
138 1708 306 1777 inscriptum
324 1709 431 1764 vidisse
450 1726 480 1764 se
499 1709 591 1777 aiunt,
611 1708 724 1762 Librum
744 1708 873 1777 quintum
893 1709 1019 1779 odarum,
1039 1729 1073 1765 ue
1093 1711 1241 1766 Horatium

62 1786 220 1856 aliquando
239 1788 327 1842 alium
343 1792 360 1842 d
375 1805 405 1843 se
424 1788 510 1842 tuisse
529 1787 676 1841 fatendum
696 1788 741 1842 sit.
775 1788 855 1854 Quod
872 1791 947 1843 certe
961 1791 1046 1844 nullis
1060 1792 1241 1863 ratio-{nibus

61 1867 136 1920 mibi
154 1886 280 1937 unquam
297 1869 446 1938 quisquam
464 1867 637 1938 persuaserit
655 1867 748 1938 reipsa
766 1868 891 1937 li·,brnm
910 1868 984 1923 huuc
1002 1869 1045 1922 ita
1063 1886 1125 1925 csse
1143 1870 1241 1926 inscri-

60 1948 201 2003 bendum:
224 1965 290 2002 nam
314 1948 380 2003 huic
404 1948 529 2018 opinioni
556 1947 737 2002 obluctantur
760 1947 871 2002 codices
886 1938 1022 2016 ¹quatuor
1045 1948 1145 2006 Btand.
1168 1951 1241 2006 auti·

62 2027 204 2097 quissimi,
222 2031 280 2082 vnis
298 2046 362 2082 cum
382 2029 491 2083 duobus
510 2027 655 2082 codicibus
675 2027 846 2081 Buslidianis
861 2027 884 2080 dr
900 2027 1040 2083 Cam‘onia
1059 2029 1120 2086 cod.
1135 2031 1164 2084 in
1178 2032 1240 2100 qui—

60 2108 114 2162 bua
131 2109 202 2163 odas
217 2113 339 2178 quatuor
353 2108 488 2163 librorum
503 2108 661 2161 innenimus
677 2108 802 2178 digestas
821 2125 872 2178 per
887 2125 951 2163 suas
971 2109 1084 2179 classes,
1103 2115 1241 2179 quantum

60 2189 99 2242 ad
118 2188 281 2260 argumenti
299 2187 438 2243 rationem
457 2189 614 2259 per-tineis
639 2205 704 2241 uam
724 2188 787 2241 alise
806 2188 939 2242 dicuntur
957 2188 1084 2258 Erotica,
1104 2189 1167 2244 aliae
1186 2192 1240 2246 Eu-

57 2268 242 2338 comiasticae,
261 2269 324 2324 alise
343 2267 525 2336 Paraneticae,
542 2267 589 2321 dic.
609 2272 641 2322 vt
659 2267 720 2322 luce
739 2268 843 2321 clarius
863 2268 908 2337 sit,
928 2267 993 2321 illas
1012 2269 1054 2322 ita
1073 2269 1240 2326 ordinas-'se

58 2348 135 2403 viros
154 2347 348 2418 doctissimos,
367 2348 472 2417 primos
491 2347 554 2402 illos
574 2349 816 2416 commentatores,
829 2364 897 2470 &cgr-
906 2348 1017 2420 ss(p.19)
1028 2349 1112 2420 torino
1136 2351 1241 2408 iudicio

869 2432 898 2460 ue

59 2482 132 2536 odas
158 2482 195 2536 ab
219 2481 282 2538 odis
306 2497 480 2551 segregasse.
522 2481 609 2550 Atqui
635 2484 730 2535 tamen
753 2499 808 2535 nou
832 2480 952 2550 legimus
974 2481 1005 2535 in
1029 2482 1073 2537 his
1101 2484 1241 2540 classibus

59 2562 161 2632 aliqua
185 2562 269 2616 huius
292 2562 360 2616 libri
382 2561 541 2631 carmi-{ua
565 2565 617 2615 aut
635 2561 784 2629 contineri,
808 2564 859 2614 aut
876 2561 935 2614 illis
954 2565 1145 2618 annumerari:
1164 2566 1241 2633 quod

57 2643 189 2713 profecto
213 2643 251 2696 ab
269 2641 328 2696 illis
352 2641 419 2694 viris
442 2641 549 2695 iactum
571 2639 683 2708 inbuet,
709 2641 746 2709 si,
771 2644 833 2694 crim
853 2640 897 2695 iili
915 2641 957 2696 rei
975 2659 1090 2712 operam
1110 2643 1241 2716 darent,

60 2727 111 2777 aut
131 2723 251 2777 odarum
270 2738 372 2777 nomen
391 2721 420 2774 in
439 2722 492 2774 hoc
510 2720 582 2774 libro
602 2720 793 2790 agnouissent,
813 2723 864 2775 aut
882 2722 917 2777 de
936 2723 1035 2793 epodis
1053 2742 1110 2779 non
1128 2726 1240 2795 rectius,

57 2806 146 2871 qnam
168 2820 232 2871 nos,
252 2803 420 2870 sensissent3
443 2804 476 2854 vt
493 2801 645 2867 omit-,tam
663 2801 761 2869 aliqua
779 2801 862 2855 buius
881 2801 947 2856 libri
966 2803 1105 2875 earmina,
1130 2807 1159 2859 in
1182 2806 1240 2860 iam

57 2883 146 2938 dictis
171 2883 338 2955 codici-ibus
362 2881 483 2936 inueniri
505 2885 619 2950 neutro,
641 2881 687 2935 rel
710 2879 791 2952 ᾠδῶν
814 2882 859 2935 vel
883 2878 1000 2954 ἐπῳδῶν
1023 2884 1160 2953 insignita
1182 2904 1231 2940 no-

58 2963 146 3033 mine,
168 2963 218 3017 sed
237 2962 359 3033 proprijs
378 2961 436 3016 suis
454 2959 619 3030 epigraphis
638 2965 778 3029 separata,
797 2962 873 3030 qnod
892 2962 922 3015 in
941 2961 1028 3032 ii-,bri
1047 2965 1137 3033 ipsius
1156 2983 1240 3036 expo-

55 3043 162 3098 sitione
182 3041 446 3097 demonstrabimus.
474 3040 559 3094 Porrb
579 3040 684 3108 siquis
704 3041 782 3095 dicat
800 3041 852 3095 has
870 3042 1004 3111 rationes,
1023 3061 1157 3113 magnam
1178 3046 1240 3114 qui·

55 3124 123 3177 dem
143 3123 204 3177 veri
227 3122 258 3176 in
281 3139 342 3177 sese
366 3121 492 3192 halbero
516 3120 738 3188 similitudinem,
762 3121 812 3175 sed
830 3121 971 3175 neminem
990 3125 1024 3176 eb
1043 3140 1151 3194 cogere,
1171 3129 1202 3178 vt
1221 3129 1239 3179 a

56 3222 110 3258 sna
129 3202 275 3257 sententia
293 3202 436 3256 discedat:
454 3200 521 3254 hnic
536 3219 588 3255 nos
602 3201 814 3270 opposuerimus
834 3204 1054 3273 argaman-itum
1072 3204 1160 3273 aliud,
1180 3210 1239 3260 tam

54 3284 196 3351 ualidum,
216 3286 321 3337 utnon
340 3281 489 3350 seutentijs
508 3281 633 3335 omnium
651 3282 742 3349 modo,
762 3281 850 3335 sed&
871 3282 974 3352 studijs
993 3283 1047 3337 hoc
1065 3285 1240 3342 confidamus

54 3363 91 3417 iri
110 3363 312 3433 coprobatum:
335 3364 418 3415 muta
436 3364 480 3415 est
497 3361 575 3415 illius
593 3360 616 3413 dt
635 3365 695 3415 tam
715 3362 874 3416 ueneranda
894 3363 1059 3431 antiquitas.
1093 3365 1239 3421 basanim

53 3442 259 3513 inscriptiones
278 3441 492 3510 antiquissimas
507 3441 537 3495 in
556 3440 700 3496 codicibus
719 3441 877 3512 Blandinijs
896 3441 919 3494 ds
939 3441 1105 3498 Buslidiano
1124 3463 1180 3500 vno
1198 3445 1240 3501 in·

55 3523 197 3590 uenimus,
217 3539 288 3591 quas
307 3539 341 3576 ex
360 3521 540 3590 fragmentis,
563 3521 629 3574 hinc
648 3520 820 3591 litterarum,
844 3521 922 3576 illinc
941 3522 1097 3578 dictionum
1116 3524 1191 3580 inter
1208 3545 1239 3582 se

54 3604 173 3658 tandem
194 3603 323 3674 mss-tgna
341 3618 410 3655 eura
427 3618 615 3655 connexarum
634 3605 741 3670 erutas,
761 3603 807 3655 hic
825 3601 1035 3672 adscripsimus.
1068 3605 1116 3659 Ni·
1128 3605 1238 3676 mirum,

53 3684 104 3738 Ao
123 3683 257 3737 Pettium.
294 3680 346 3751 (sic
369 3681 477 3735 habent
499 3685 620 3749 quatuor
644 3681 754 3736 codices
774 3680 873 3735 Bland.
893 3681 916 3733 ds
935 3682 1011 3738 Busi
1031 3701 1086 3738 non
1106 3686 1240 3755 Pectium,

53 3767 87 3818 vt
105 3761 215 3833 passim
235 3760 361 3830 legitur,)
380 3763 412 3816 de
430 3762 498 3816 Ina·
509 3763 571 3816 ctio
594 3779 676 3830 quam
699 3764 840 3833 dr'ts'pebot,
860 3765 968 3831 Epodos
985 3765 1162 3835 elepiombico
1180 3771 1241 3824 siue

52 3844 280 3914 elegorum-bico.
308 3841 438 3907 Rursum,
457 3843 494 3895 In
513 3843 671 3896 Gratidiam
692 3845 827 3898 matr'erem
850 3844 952 3908 firdorn
975 3862 1009 3899 oc
1031 3846 1239 3917 libidinosam,

53 3926 172 3994 Epodoa
189 3923 319 3977 Heroico.
350 3922 502 3990 Postremo,
517 3924 562 3975 Aa
576 3925 677 3976 amicos
693 3924 821 3985 (birricos,
841 3924 953 3992 Epodos
971 3927 1133 3997 lambelega.
1172 3929 1239 3994 sts
