2866 5016
558 337 772 393 PRAEFATIO.
1140 337 1253 392 LXXIII

56 500 154 563 Sunt
182 507 253 565 folia
278 510 328 586 64,
356 526 463 566 uersus
486 509 526 567 36
552 508 582 566 in
611 508 738 585 singulis
765 507 893 585 paginis.
940 506 1081 567 Continet
1105 508 1249 585 c.11,1

57 593 139 650 -Ι
173 598 223 674 24,
243 598 271 655 6.
294 597 379 674 Π8,
402 598 588 673 15-epod.
612 598 675 674 fin,
699 616 723 656 c.
743 616 774 674 s,
798 616 823 656 a.
843 617 882 672 p,
907 596 1180 674 s.11,1-19‚
1204 601 1252 656 17.

56 677 122 738 Ars
160 686 279 761 poetica
304 687 388 745 etin
416 687 504 746 initio
529 688 560 745 et
582 686 613 744 in
633 687 690 745 fine
715 681 798 745 ‘libor
815 680 951 760 pocterie'
976 686 1154 763 appellatur.
1192 686 1252 745 No-

57 767 177 833 tanda
200 775 321 835 uidetur
347 795 416 834 rara
443 775 532 835 lectio
560 769 628 833 ‘ore'
651 795 704 851 pro
733 770 791 834 ‘cu’
821 795 847 834 a.
871 796 899 851 p.
920 776 997 853 328,
1024 775 1103 835 unde
1132 776 1252 834 affinem

58 872 133 918 esse
171 867 294 941 apparet
316 865 447 925 codicem
470 869 484 925 t
507 884 576 925 cum
598 865 683 924 libris
704 865 766 925 Ro.

649 1037 684 1103 u‘

169 1150 362 1228 §iugularem
382 1152 482 1211 locum
501 1151 580 1210 inter
597 1150 690 1210 libros
709 1150 892 1210 Horatianos
910 1154 994 1210 tenet
1012 1151 1103 1226 stirps
1121 1145 1169 1209 u':
1193 1170 1253 1226 quo

61 1227 164 1305 siglo
184 1240 357 1300 notauimus
380 1241 522 1301 lectiones
546 1259 717 1300 communes
740 1240 875 1299 codicum
899 1259 921 1297 ιι
944 1243 975 1298 et
998 1261 1024 1299 v.
1067 1240 1132 1299 Hoc
1154 1240 1254 1299 arche-

62 1316 180 1415 Ilpon
201 1323 235 1387 u'
258 1329 319 1389 fult
342 1330 446 1389 classis
469 1330 576 1390 tertiae
599 1331 703 1389 multis
727 1330 874 1388 secundae
897 1329 1001 1389 classis
1025 1329 1181 1405 scripturis
1203 1329 1254 1388 ad·

60 1418 186 1477 mlxtis
208 1421 239 1477 et
261 1419 390 1495 propriis
414 1419 601 1480 coniecturis.
1058 1433 1061 1439 ’

655 1601 676 1639 U

73 1780 79 1791 ,
169 1725 189 1763 ιι
204 1732 246 1753 =
261 1706 352 1766 codex
372 1707 527 1766 Parisinus
547 1707 632 1766 7973
653 1724 728 1765 saec.
743 1704 915 1780 VIIII-X,
938 1705 1254 1783 o,259><0‚201m.,

50 1781 154 1853 ⁰l¹m
180 1795 440 1874 Floriacensis,
472 1795 615 1856 foliorum
645 1796 700 1870 88,
732 1813 877 1854 uersuum
906 1795 1036 1854 31-33
1066 1794 1097 1852 in
1128 1794 1256 1871 singulis

49 1882 213 1962 Issginis,
245 1885 403 1962 adscriptis
433 1886 522 1963 gloss.
545 1885 599 1945 Fa.
645 1884 717 1942 Fuit
748 1884 820 1942 olim
848 1882 930 1942 Petri
957 1883 1093 1942 Danielis
1117 1876 1255 1965 (Daniel)

52 1961 307 2034 Aurelianensis
326 1966 491 2056 (Orldans),
515 1974 568 2051 qui
591 1973 669 2032 uixIt
687 1972 755 2032 inde
775 1973 812 2031 ab
832 1992 910 2033 anno
932 1973 1165 2050 1530—16033
1188 1973 1255 2032 fun·

52 2053 210 2128 uebatur
232 2083 354 2124 munere
379 2064 519 2124 aduocati
542 2062 767 2122 Aurelianensis
791 2066 821 2122 et
844 2056 940 2120 ‘baini
966 2061 1002 2120 de
1030 2062 1060 2121 Ia
1085 2062 1196 2138 justice
1220 2062 1256 2122 de

52 2140 224 2212 lleurffl
269 2153 342 2213 Post
370 2153 435 2213 eius
463 2152 580 2212 obitum
608 2152 669 2211 fuit
695 2151 727 2209 in
755 2151 946 2211 celeberrima
973 2151 1155 2211 bibliotheca
1177 2151 1255 2211 Bon·

56 2233 190 2319 susp,
217 2245 323 2319 postea
351 2242 382 2301 in
406 2240 587 2302 Colbertina.
633 2240 769 2316 Scriptus
798 2242 901 2299 autem
928 2243 994 2300 erat
1016 2240 1146 2300 Floriaci
1174 2240 1256 2317 apud

55 2320 291 2391 Benedictinos
314 2322 440 2412 (Flenry
468 2331 532 2390 siue
561 2331 589 2390 S.
613 2322 933 2410 Benoist·sur-Loire):
961 2329 992 2387 in
1019 2329 1117 2405 prima
1145 2330 1258 2409 pagina

57 2414 171 2496 enirn,
192 2423 229 2479 ut
246 2420 342 2480 Dorez
361 2421 518 2499 intellexit,
541 2419 686 2496 Stephani
704 2418 823 2477 Baluzii
841 2438 934 2478 manu
953 2418 1132 2478 adnotatum
1151 2422 1197 2478 est
1215 2414 1256 2480 ‘S.

57 2498 221 2567 Bonoist’.
268 2509 356 2569 Anno
383 2512 482 2585 1562,
511 2528 580 2569 cum
603 2508 763 2568 cardinalis
787 2506 866 2567 Odet
888 2507 924 2567 de
948 2505 1077 2585 (loligny
1100 2508 1257 2584 episcopus

57 2584 306 2659 Bellonacensis
323 2591 499 2680 (Beauvais)
510 2597 744 2658 Floriaoensium
759 2596 975 2657 monasterium
989 2600 1134 2671 uastaret,
1148 2597 1257 2657 Petrus

55 2673 191 2746 Daniel
213 2687 295 2748 haud
323 2707 452 2764 paruam
479 2688 615 2748 codicum
642 2705 735 2746 manu
759 2686 939 2763 scriptorum
967 2686 1083 2761 copiam
1112 2686 1180 2745 inde
1204 2686 1255 2744 ab·

52 2761 179 2834 duxlt.
223 2777 467 2856 Francogallicae
490 2777 589 2855 gentis
612 2775 768 2835 librarium
791 2775 927 2834 afuisse
951 2795 987 2834 ex
1010 2774 1114 2833 multis
1138 2774 1257 2834 indiciis

49 2868 218 2944 ‘apparet
242 2868 278 2925 ut
300 2886 336 2926 ex
359 2867 508 2943 scriptura
532 2870 659 2940 qrconlus
681 2885 734 2940 pro
759 2868 862 2924 caulos
885 2884 908 2923 c.
928 2883 950 2923 s.
971 2866 1012 2922 22
1037 2867 1068 2923 et
1085 2868 1184 2923 sancto
1204 2885 1257 2940 pro

43 2954 191 3013 tammo
213 2974 237 3014 o.
255 2955 319 3014 1111
339 2958 368 3029 6,
388 2958 437 3014 26.
485 2955 599 3026 Quibus
623 2954 737 3014 mendis
761 2954 853 3013 etiam
872 2953 1031 3014 edocemur
1048 2955 1149 3029 partes
1169 2973 1258 3029 quas·

40 3023 163 3100 dan·
174 3045 282 3105 codicis
300 3064 322 3103 u
341 3045 481 3104 scribenti
500 3045 630 3104 dictatas
649 3063 720 3103 esse.
753 3043 861 3102 Horati
882 3062 972 3119 opera
990 3043 1022 3101 in
1041 3063 1062 3101 u
1080 3043 1136 3102 hoc
1154 3043 1258 3102 ordine

34 3112 198 3193 tradit,
220 3138 304 3194 eunt:
334 3153 437 3212 carm,
466 3134 563 3210 epod,
591 3153 680 3194 carm.
705 3151 793 3209 saec,
822 3133 940 3193 serml
962 3135 989 3208 1,
1012 3132 1163 3210 1-112,
1186 3135 1257 3191 131.

32 3196 164 3279 Indo
183 3242 201 3282 a
223 3242 248 3282 c.
268 3222 350 3282 1111
377 3242 473 3300 usque
502 3223 539 3282 ad
562 3224 650 3282 finem
674 3242 763 3283 carm.
788 3241 863 3281 saec.
887 3240 999 3281 nouam
1022 3221 1132 3280 codicis
1154 3240 1177 3279 u
1200 3223 1259 3282 ool·

22 3282 229 3372 lationem
248 3331 375 3389 eamque
394 3313 654 3391 diligentissimam
675 3312 746 3372 fecit
764 3311 908 3387 nobisque
928 3310 1141 3370 humanissime
1161 3315 1258 3369 trans-

17 3385 172 3458 11¹ist
197 3401 246 3461 uir
276 3395 468 3462 doctissimus
498 3401 676 3462 Henricus
703 3394 868 3478 Lehhgue
894 3399 1063 3474 Parisinus,
1094 3400 1166 3460 item
1189 3400 1258 3459 Ln-

12 3458 36 3518 ἀ
60 3488 235 3550 oriens
264 3491 393 3551 Duvau
420 3490 617 3551 amieissImus
645 3490 779 3567 Leoque
808 3490 920 3549 Dorez
951 3488 1082 3548 Parisini
1109 3491 1141 3548 et
1167 3489 1258 3548 huius

10 3565 105 3617 ‘³0
113 3573 195 3639 «licis
217 3583 249 3639 ot
272 3580 401 3640 aliorum
429 3599 553 3641 suorum
575 3579 719 3638 librorum
743 3579 861 3655 aliquot
887 3578 982 3656 locos,
1010 3577 1106 3637 sicubi
1134 3578 1258 3654 quidam

10 3651 245 3743 &topatus
268 3668 415 3747 restabat,
438 3669 601 3730 identidem
623 3669 814 3745 inspicientes
837 3668 937 3746 gratia
956 3686 1010 3727 nos
1029 3666 1179 3726 deuincire
1199 3687 1259 3726 non

10 3721 283 3818 *Quarum
316 3778 444 3835 quorum
474 3759 609 3818 uirorum
642 3758 822 3818 facilitatem
853 3757 1086 3832 comitatemque
1118 3755 1259 3831 plurimis

10 3820 247 3926 philologis
266 3848 378 3924 optime
397 3851 500 3908 notam
519 3867 577 3908 non
597 3846 740 3923 estquod
758 3847 807 3906 hio
826 3846 930 3905 multis
948 3845 1048 3905 uerbis
1067 3845 1257 3905 celebremus.

10 3896 299 3997 [narrassent
317 3936 470 3996 Michael
488 3930 607 4015 Brdal,
630 3936 680 3995 uir
697 3935 889 4012 clarissimus,
914 3954 1044 4011 quocum
1062 3934 1123 3993 iam
1143 3934 1257 3993 dudum

12 3985 178 4113 {Gan
199 4025 343 4086 habemus
366 4026 612 4086 familiaritatem.

93 4112 240 4136 N..

33 4211 61 4240 ‹-
180 4177 189 4208 ¹
206 4177 254 4232 fol.
271 4183 299 4231 1¹
315 4176 432 4248 legitur:
454 4178 514 4233 ‘Ea
530 4171 594 4232 libb.
611 4179 688 4232 Petri
706 4178 835 4232 Danielis
854 4176 965 4243 Ao-rezq·
981 4173 1063 4229 1561’
1085 4177 1114 4228 et
1132 4175 1179 4230 fol.
1196 4182 1258 4233 88':

81 4230 179 4302 Qua
195 4249 566 4317 naaezanoraprsor.
984 4316 990 4326 ,

180 4318 241 4375 ’ct
260 4337 369 4391 voyage
388 4320 525 4374 litteraire
545 4321 579 4375 de
598 4321 671 4376 deux
689 4319 826 4391 religieux
845 4317 1025 4372 Benedictms
1045 4317 1080 4371 de
1095 4317 1124 4370 la
1139 4317 1259 4389 Congre-

59 4382 187 4444 Ration
206 4391 241 4445 de
260 4390 287 4445 S.
302 4392 391 4459 Maur,
411 4391 490 4446 Paris
510 4398 578 4446 1717
599 4392 611 4445 Ι
629 4410 655 4461 p.
671 4397 718 4446 66:
738 4393 818 4461 apres
836 4408 868 4445 sa
885 4395 955 4443 mort
968 4405 1009 4443 ses
1026 4389 1150 4444 hc'ritlera
1167 4393 1258 4444 rendi-

67 4456 152 4515 *eorl
174 4464 210 4518 lea
233 4479 294 4519 mss.
319 4482 337 4517 a
359 4466 497 4519 moraeieur
519 4465 605 4520 Potae
630 4464 770 4519 conseiller
791 4481 830 4517 au
851 4462 1004 4532 portentent
1025 4461 1058 4515 de
1077 4461 1169 4530 Paria,
1196 4468 1220 4516 el
1242 4481 1261 4518 a

83 4531 225 4590 ”sonam
243 4535 403 4608 Bonylord.
